2842 4870
755 293 788 378 a

378 487 471 558 πόλλ’
494 485 533 556 lb
553 487 593 557 oi·
615 491 707 580 λέξοις
729 484 821 558 οὐδὲν
842 485 881 557 dv
902 492 1003 558 πλέον
1024 487 1147 574 λάβοις·

375 595 394 689 ἡ
417 586 504 666 δὀὖν
523 597 599 687 γονὴ
623 596 763 668 κάτεισιν
784 598 830 678 εἰς
844 595 961 667 ’Ἅιδου
983 596 1113 684 δόμους.

376 709 492 790 στείχω
517 708 545 773 d’
567 702 620 774 ἐπ’
640 701 746 795 αὐτὴν,
770 704 814 788 ὥς
835 704 1042 793 κατάρξιομαι
1064 709 1159 798 ξίφει·

306 871 308 876 .
377 811 464 901 ἱερὸς
484 813 542 901 γὰρ
564 803 659 894 οὗτος
679 821 745 882 τῶν
765 813 845 882 κατὰ
866 813 989 899 χθονὸς
1009 816 1113 904 danim
1274 821 1315 886 75

375 920 454 992 d'uov
474 921 542 992 τόδ’
566 923 658 1012 ἔγχος
679 923 797 1009 κρατός
815 923 927 1014 ἁγιίσῃ
948 926 1050 1011 τρίχα.

325 1035 363 1101 Iu
383 1035 443 1101 hoo
465 1036 535 1101 loeo
560 1035 760 1102 observanda
781 1043 854 1102 sunt
875 1036 973 1106 varia
1017 1038 1157 1104 Primum
1180 1045 1316 1105 nonest

176 1221 178 1228 y
227 1142 434 1228 Euripideum
462 1143 543 1210 illud
571 1138 602 1207 oi
627 1140 708 1208 κατὰ
734 1139 856 1225 χθονὸς
878 1140 963 1211 θεοί.
982 1229 986 1236 ι
1006 1145 1101 1231 Apud
1123 1147 1315 1230 Sophoclem

228 1259 260 1318 et
281 1252 467 1336 Euripidem
490 1253 624 1319 audiunt
640 1253 675 1320 di
697 1254 792 1320 inferi
811 1247 842 1318 oi
862 1247 961 1338 κάτω,
981 1247 1012 1318 oi
1027 1248 1114 1318 aniam
1131 1252 1314 1338 σθένοντες,

228 1355 259 1425 oi
279 1355 366 1424 κάτω
389 1360 471 1440 θεοί,
508 1355 678 1445 numquam
708 1356 739 1426 oi
769 1356 850 1425 κατὰ
877 1357 1000 1443 χθονὸς
1028 1361 1115 1429 θεοί.
1163 1362 1314 1428 Minimus

228 1469 378 1536 eonfiteor
407 1477 455 1536 est
477 1470 529 1551 hio
553 1471 720 1556 serupulus
743 1491 846 1554 neque
869 1472 1053 1554 negaverim
1069 1472 1256 1556 Euripidem
1278 1471 1314 1537 id

227 1580 365 1645 seribere
387 1559 538 1663 potuiose.
580 1581 664 1645 Huio
688 1587 794 1646 tamen
816 1581 885 1647 looo
907 1581 1040 1646 tortasse
1059 1601 1123 1645 nou
1144 1580 1205 1646 erit
1225 1600 1314 1665 pror-

228 1707 281 1753 sus
294 1687 442 1770 alienum,
466 1688 496 1752 si
520 1687 625 1753 dinam
646 1709 697 1754 me
719 1688 877 1773 suspioari
902 1686 1091 1755 vocabulum
1110 1681 1196 1751 κάτω
1218 1689 1313 1754 Enri-

137 1854 139 1859 .
226 1795 296 1880 pidi
328 1797 478 1862 usitatum
508 1792 630 1862 duobus
657 1797 735 1862 loeis
763 1817 833 1863 esse
859 1797 1090 1863 restituendum
1117 1799 1174 1864 ubi
1201 1798 1313 1864 adhue

226 1924 289 1970 non
314 1905 441 1988 legitur.
483 1906 607 1971 Heraol.
629 1907 690 1970 592
721 1906 876 1990 praebent
901 1906 1028 1972 oodioes
1054 1901 1088 1970 εἴ
1109 1930 1142 1971 τι
1168 1902 1207 1994 δὴ
1231 1903 1314 1972 κατὰ

225 2007 356 2097 χθονός,
379 2013 534 2080 Stobaeus
559 2022 674 2092 autem,
694 2034 788 2096 quem
814 2014 915 2080 secuti
930 2021 1004 2081 sunt
1017 2016 1188 2083 Elmoleius
1204 2018 1243 2082 K.
1258 2018 1310 2098 N„

225 2122 321 2188 refert
343 2115 441 2186 adro.
477 2120 629 2186 Eiusdem
652 2119 779 2186 fabulae
800 2123 880 2186 1033
901 2122 1055 2206 praebent
1076 2127 1107 2186 et
1129 2122 1255 2189 oodioes
1278 2130 1311 2188 et

226 2230 384 2297 editiones
411 2221 462 2294 niel
494 2229 643 2311 κείσομαι
673 2226 755 2294 κατὰ
785 2225 916 2311 χθονός.
961 2231 995 2296 Si
1016 2252 1075 2317 pro
1102 2226 1182 2296 κατά
1203 2231 1257 2296 hio
1278 2238 1311 2297 et

227 2339 280 2407 Or.
301 2340 362 2405 674
383 2333 470 2403 κάτω
500 2339 645 2423 legimur,
678 2341 783 2406 nullus
810 2340 944 2407 restabit
969 2342 1058 2406 loona
1072 2343 1117 2431 xiu
1143 2340 1310 2424 Euripidis

124 2503 127 2510 .
224 2450 376 2514 trimetris
402 2448 457 2514 ubi
484 2448 610 2532 legatur
632 2442 714 2513 κατὰ
741 2442 864 2528 χθονός
888 2451 940 2515 vel
962 2443 1044 2513 nord
1069 2450 1124 2536 γῆς
1152 2450 1215 2514 nisi
1238 2469 1310 2514 oum

225 2556 321 2622 verbo
359 2556 456 2621 eundi
488 2556 707 2641 ooniunetum‚
738 2564 846 2623 nostro
876 2558 946 2623 loeo
968 2536 1146 2644 'exeeptol
1198 2558 1309 2624 Nostri

139 2685 141 2690 ·
225 2672 330 2730 autom
351 2664 424 2749 looi,
451 2666 610 2742 confiteor,
637 2667 693 2731 vix
714 2665 818 2732 adhue
846 2667 964 2750 refregi
988 2668 1217 2733 auctoritatem.
1259 2666 1312 2732 Ad

225 2781 296 2840 eu'm
321 2773 497 2840 redeamus,
540 2775 720 2860 Displioent
748 2775 887 2858 genetivi
910 2768 998 2859 dano,
1028 2766 1154 2858 κρατός.
1196 2775 1310 2841 Paullo

224 2883 336 2952 melior
355 2902 434 2949 sane
454 2883 490 2948 fit
507 2869 664 2949 structura
686 2885 714 2949 si
729 2884 893 2966 antiquam
916 2883 1169 2966 emendationem
1189 2885 1310 2968 aeoipi-

132 2982 136 2988 ’
218 3011 291 3072 mua
320 3013 340 3056 a
370 2991 533 3057 Maurobio
560 2997 718 3056 servatam
748 2998 780 3056 et
812 2984 877 3076 ὅτῳ
907 2992 1103 3058 auribimusi.
1147 2991 1236 3070 Quae
1265 2994 1310 3057 eit

223 3101 305 3166 ratio
333 3119 481 3166 versuum
503 3099 551 3164 75.
574 3099 614 3163 76
643 3100 724 3193 satia
754 3093 877 3170 indioat
909 3099 1194 3166 demonstrativum
1217 3094 1308 3164 adde:

223 3208 374 3274 nimirum
394 3207 537 3292 gladium
557 3207 686 3273 vibrare
708 3213 804 3290 atque
825 3228 860 3275 ae
883 3215 1040 3274 ostentare
1061 3209 1163 3275 voluit
1184 3208 1308 3275 histrio.

223 3315 289 3383 Sed
320 3316 475 3383 definiunt
501 3317 550 3380 75.
573 3316 612 3381 76
642 3315 863 3400 praecedentis
896 3337 1008 3384 versus
1041 3337 1167 3384 sensum
1191 3317 1308 3400 -qui

320 3585 336 3636 7
354 3583 422 3638 Looi
446 3584 545 3653 quibus
564 3586 712 3655 praecipue
729 3586 830 3642 nititur
845 3586 978 3641 iudieium
992 3587 1022 3640 hi
1038 3591 1110 3656 sunt,
1132 3603 1197 3641 sane
1214 3585 1308 3641 admo·

220 3678 287 3733 dum
304 3680 398 3748 pauci:
417 3680 476 3734 Alo.
498 3681 540 3735 14.
559 3683 602 3734 45.
621 3683 681 3735 692.
717 3681 782 3736 Hee.
802 3685 845 3736 49.
873 3682 916 3736 El.
938 3683 997 3738 677.
1034 3681 1098 3736 Tro.
1119 3683 1196 3737 1243.
1224 3681 1307 3736 Prae·

220 3773 365 3844 positionis
388 3771 454 3829 aursi
475 3794 555 3831 usum
577 3777 760 3846 Euripideum
784 3778 883 3832 docent
904 3778 934 3831 hi
956 3779 1009 3833 loei
1031 3778 1180 3833 maximam
1197 3781 1308 3847 partem

219 3871 322 3924 melici:
350 3871 410 3926 Ale.
431 3873 489 3926 107.
512 3875 570 3928 163.
588 3877 649 3928 618.
684 3874 756 3928 And.
778 3875 838 3928 603.
869 3875 929 3929 Hel.
951 3877 1012 3930 344.
1041 3875 1164 3930 101144.
1192 3874 1305 3928 Heroul.

220 3968 297 4020 1168.
325 3965 564 4036 Sup.799.1024.
589 3969 652 4040 Hip.
669 3971 730 4024 836.
751 3970 812 4040 lph.
832 3969 916 4026 Tour.
937 3973 997 4026 170.
1018 3972 1094 4028 1266.
1122 3970 1212 4026 Loouo
1230 3974 1308 4024 corte

220 4067 367 4133 eorruptue
384 4069 426 4118 est
445 4064 503 4118 Ion.
525 4048 602 4118 1441.

218 4161 221 4168 ‘
316 4159 333 4212 8
350 4159 581 4216 Emendationem
604 4161 674 4231 dieo,
704 4179 767 4216 uam
784 4162 965 4232 probabilius,
984 4167 1061 4234 puto,
1084 4161 1223 4218 adscribes
1241 4155 1305 4214 droa

224 4255 277 4327 ipsi
294 4255 489 4327 interpolatori
508 4275 591 4328 quam
609 4263 658 4313 aut
674 4259 855 4329 grammatico
873 4264 923 4314 aut
940 4260 1064 4314 librario,
