<?xml version="1.0" encoding="UTF-8"?>
<!DOCTYPE html PUBLIC "-//W3C//DTD XHTML 1.0 Transitional//EN"
    "http://www.w3.org/TR/xhtml1/DTD/xhtml1-transitional.dtd">
<html xmlns="http://www.w3.org/1999/xhtml" xml:lang="en" lang="en">
 <head>
  <title>
</title>
<meta http-equiv="Content-Type" content="text/html;charset=utf-8" />
  <meta name='ocr-system' content='tesseract 3.04.00' />
  <meta name='ocr-capabilities' content='ocr_page ocr_carea ocr_par ocr_line ocrx_word'/>
</head>
<body>
  <div class='ocr_page' id='page_1' title='image "./dealcestidiseth00wheegoog_0050.png"; bbox 0 0 2842 4870; ppageno 0'>
   <div class='ocr_carea' id='block_1_1' title="bbox 677 373 713 426">
    <p class='ocr_par' dir='ltr' id='par_1_1' title="bbox 677 373 713 426">
     <span class='ocr_line' id='line_1_1' title="bbox 677 373 713 426; baseline 0 0"><span class='ocrx_word' id='word_1_1' title='bbox 677 373 713 426; x_wconf 72' lang='grc'><strong>46</strong></span> 
     </span>
    </p>
   </div>
   <div class='ocr_carea' id='block_1_2' title="bbox 150 517 1237 740">
    <p class='ocr_par' dir='ltr' id='par_1_2' title="bbox 150 517 1237 740">
     <span class='ocr_line' id='line_1_2' title="bbox 150 517 1237 630; baseline 0.001 -24"><span class='ocrx_word' id='word_1_2' title='bbox 150 541 311 610; x_wconf 87' lang='lat' dir='ltr'><strong>olandioat</strong></span> <span class='ocrx_word' id='word_1_3' title='bbox 331 517 443 612; x_wconf 82' lang='lat' dir='ltr'><strong>oratio.</strong></span> <span class='ocrx_word' id='word_1_4' title='bbox 481 544 545 612; x_wconf 85' lang='lat' dir='ltr'><strong>Sed</strong></span> <span class='ocrx_word' id='word_1_5' title='bbox 565 545 646 612; x_wconf 90' lang='lat' dir='ltr'><strong>bene</strong></span> <span class='ocrx_word' id='word_1_6' title='bbox 667 544 871 630; x_wconf 80' lang='lat' dir='ltr'><strong>progreditur</strong></span> <span class='ocrx_word' id='word_1_7' title='bbox 903 544 932 612; x_wconf 86' lang='lat' dir='ltr'><strong>si</strong></span> <span class='ocrx_word' id='word_1_8' title='bbox 953 561 1010 628; x_wconf 87' lang='lat' dir='ltr'><strong>pro</strong></span> <span class='ocrx_word' id='word_1_9' title='bbox 1031 539 1068 610; x_wconf 82' lang='grc' dir='ltr'><strong>δέ.</strong></span> <span class='ocrx_word' id='word_1_10' title='bbox 1087 543 1128 606; x_wconf 92' lang='grc'><strong>22</strong></span> <span class='ocrx_word' id='word_1_11' title='bbox 1160 540 1237 620; x_wconf 85' lang='lat' dir='ltr'><strong>sori·</strong></span> 
     </span>
     <span class='ocr_line' id='line_1_3' title="bbox 151 645 809 740; baseline 0.008 -24"><span class='ocrx_word' id='word_1_12' title='bbox 151 650 255 718; x_wconf 87' lang='lat' dir='ltr'><strong>bimus</strong></span> <span class='ocrx_word' id='word_1_13' title='bbox 276 645 325 740; x_wconf 81' lang='grc' dir='ltr'><strong>δή,</strong></span> <span class='ocrx_word' id='word_1_14' title='bbox 348 667 445 737; x_wconf 88' lang='lat' dir='ltr'><strong>atque</strong></span> <span class='ocrx_word' id='word_1_15' title='bbox 467 655 516 722; x_wconf 86' lang='lat' dir='ltr'><strong>ita</strong></span> <span class='ocrx_word' id='word_1_16' title='bbox 536 654 809 740; x_wconf 88' lang='lat' dir='ltr'><strong>interpungimus:</strong></span> 
     </span>
    </p>
   </div>
   <div class='ocr_carea' id='block_1_3' title="bbox 297 790 1080 991">
    <p class='ocr_par' dir='ltr' id='par_1_3' title="bbox 297 790 1080 991">
     <span class='ocr_line' id='line_1_4' title="bbox 297 790 1018 885; baseline 0 -25"><span class='ocrx_word' id='word_1_17' title='bbox 297 791 492 861; x_wconf 78' lang='grc' dir='ltr'><strong><em>Ἱππόλυτον</em></strong></span> <span class='ocrx_word' id='word_1_18' title='bbox 514 796 548 863; x_wconf 77' lang='grc' dir='ltr'><strong>ἐκ</strong></span> <span class='ocrx_word' id='word_1_19' title='bbox 567 797 637 885; x_wconf 79' lang='grc' dir='ltr'><em>τῇδ’</em></span> <span class='ocrx_word' id='word_1_20' title='bbox 659 792 771 885; x_wconf 76' lang='grc' dir='ltr'><strong><em>ἡμέρᾳ,</em></strong></span> <span class='ocrx_word' id='word_1_21' title='bbox 792 791 833 861; x_wconf 80' lang='grc' dir='ltr'><strong>τοὶ</strong></span> <span class='ocrx_word' id='word_1_22' title='bbox 852 792 959 862; x_wconf 76' lang='grc' dir='ltr'><em>πολλὰ</em></span> <span class='ocrx_word' id='word_1_23' title='bbox 979 790 1018 884; x_wconf 81' lang='grc' dir='ltr'><strong>δὴ</strong></span> 
     </span>
     <span class='ocr_line' id='line_1_5' title="bbox 298 898 1080 991; baseline 0 -21"><span class='ocrx_word' id='word_1_24' title='bbox 298 901 400 971; x_wconf 81' lang='grc' dir='ltr'><strong><em>πάλαι</em></strong></span> <span class='ocrx_word' id='word_1_25' title='bbox 416 901 622 991; x_wconf 67' lang='grc' dir='ltr'><em>προκόψοδ·</em></span> <span class='ocrx_word' id='word_1_26' title='bbox 646 898 688 972; x_wconf 82' lang='lat' dir='ltr'><strong>oo&#39;</strong></span> <span class='ocrx_word' id='word_1_27' title='bbox 703 901 808 974; x_wconf 82' lang='grc' dir='ltr'><em>πόκου</em></span> <span class='ocrx_word' id='word_1_28' title='bbox 823 906 948 972; x_wconf 78' lang='grc' dir='ltr'><em>πολλοῦ</em></span> <span class='ocrx_word' id='word_1_29' title='bbox 963 929 1005 989; x_wconf 90' lang='grc' dir='ltr'><strong>με</strong></span> <span class='ocrx_word' id='word_1_30' title='bbox 1020 907 1080 971; x_wconf 86' lang='grc' dir='ltr'><em>δεῖ.</em></span> 
     </span>
    </p>
   </div>
   <div class='ocr_carea' id='block_1_4' title="bbox 146 1049 1280 2118">
    <p class='ocr_par' dir='ltr' id='par_1_4' title="bbox 146 1049 1280 2118">
     <span class='ocr_line' id='line_1_6' title="bbox 149 1049 1237 1134; baseline 0.001 -21"><span class='ocrx_word' id='word_1_31' title='bbox 149 1049 248 1114; x_wconf 89' lang='lat' dir='ltr'><strong>Porro</strong></span> <span class='ocrx_word' id='word_1_32' title='bbox 270 1050 345 1116; x_wconf 84' lang='lat' dir='ltr'><strong>ferri</strong></span> <span class='ocrx_word' id='word_1_33' title='bbox 366 1058 528 1134; x_wconf 89' lang='lat' dir='ltr'><strong>nequeunt</strong></span> <span class='ocrx_word' id='word_1_34' title='bbox 548 1053 683 1118; x_wconf 83' lang='lat' dir='ltr'><strong>extremi</strong></span> <span class='ocrx_word' id='word_1_35' title='bbox 695 1074 725 1118; x_wconf 88' lang='lat' dir='ltr'><strong>v.</strong></span> <span class='ocrx_word' id='word_1_36' title='bbox 741 1053 786 1117; x_wconf 88' lang='grc'><strong>23.</strong></span> <span class='ocrx_word' id='word_1_37' title='bbox 798 1051 954 1118; x_wconf 88' lang='lat' dir='ltr'><strong>voeabula</strong></span> <span class='ocrx_word' id='word_1_38' title='bbox 967 1073 1008 1133; x_wconf 86' lang='grc' dir='ltr'><strong>με</strong></span> <span class='ocrx_word' id='word_1_39' title='bbox 1023 1050 1085 1116; x_wconf 79' lang='grc' dir='ltr'><em>δεῖ.</em></span> <span class='ocrx_word' id='word_1_40' title='bbox 1106 1049 1237 1116; x_wconf 84' lang='lat' dir='ltr'><strong>Eisdem</strong></span> 
     </span>
     <span class='ocr_line' id='line_1_7' title="bbox 149 1158 1239 1246; baseline 0.002 -23"><span class='ocrx_word' id='word_1_41' title='bbox 149 1159 255 1224; x_wconf 90' lang='lat' dir='ltr'><strong>verbis</strong></span> <span class='ocrx_word' id='word_1_42' title='bbox 277 1158 385 1225; x_wconf 91' lang='lat' dir='ltr'><strong>finitur</strong></span> <span class='ocrx_word' id='word_1_43' title='bbox 399 1162 448 1236; x_wconf 89' lang='grc'><strong>20,</strong></span> <span class='ocrx_word' id='word_1_44' title='bbox 469 1181 569 1244; x_wconf 85' lang='lat' dir='ltr'><strong>eaque</strong></span> <span class='ocrx_word' id='word_1_45' title='bbox 591 1161 740 1246; x_wconf 83' lang='lat' dir='ltr'><strong>repetitio</strong></span> <span class='ocrx_word' id='word_1_46' title='bbox 761 1163 927 1245; x_wconf 84' lang='lat' dir='ltr'><strong>inelegans</strong></span> <span class='ocrx_word' id='word_1_47' title='bbox 948 1168 997 1227; x_wconf 91' lang='lat' dir='ltr'><strong>est</strong></span> <span class='ocrx_word' id='word_1_48' title='bbox 1018 1161 1082 1226; x_wconf 92' lang='lat' dir='ltr'><strong>nisi</strong></span> <span class='ocrx_word' id='word_1_49' title='bbox 1104 1161 1239 1244; x_wconf 85' lang='lat' dir='ltr'><strong>apparet</strong></span> 
     </span>
     <span class='ocr_line' id='line_1_8' title="bbox 150 1268 1280 1355; baseline 0 -23"><span class='ocrx_word' id='word_1_50' title='bbox 150 1287 249 1334; x_wconf 88' lang='lat' dir='ltr'><strong>eausa</strong></span> <span class='ocrx_word' id='word_1_51' title='bbox 270 1270 483 1354; x_wconf 82' lang='lat' dir='ltr'><strong>repetitionis.</strong></span> <span class='ocrx_word' id='word_1_52' title='bbox 525 1269 652 1336; x_wconf 89' lang='lat' dir='ltr'><strong>Deinde</strong></span> <span class='ocrx_word' id='word_1_53' title='bbox 683 1270 810 1338; x_wconf 85' lang='lat' dir='ltr'><strong>videtur</strong></span> <span class='ocrx_word' id='word_1_54' title='bbox 839 1290 965 1355; x_wconf 87' lang='lat' dir='ltr'><strong>semper</strong></span> <span class='ocrx_word' id='word_1_55' title='bbox 985 1270 1154 1336; x_wconf 86' lang='lat' dir='ltr'><strong>verborum</strong></span> <span class='ocrx_word' id='word_1_56' title='bbox 1175 1268 1238 1333; x_wconf 86' lang='lat' dir='ltr'><strong>for·</strong></span> <span class='ocrx_word' id='word_1_57' title='bbox 1278 1272 1280 1278; x_wconf 82' lang='grc'>’</span> 
     </span>
     <span class='ocr_line' id='line_1_9' title="bbox 150 1373 1239 1464; baseline -0.001 -21"><span class='ocrx_word' id='word_1_58' title='bbox 150 1377 237 1444; x_wconf 89' lang='lat' dir='ltr'><strong>mula</strong></span> <span class='ocrx_word' id='word_1_59' title='bbox 258 1373 317 1460; x_wconf 73' lang='grc' dir='ltr'><strong>ἐμὲ</strong></span> <span class='ocrx_word' id='word_1_60' title='bbox 338 1378 389 1443; x_wconf 87' lang='grc' dir='ltr'><em>δεῖ</em></span> <span class='ocrx_word' id='word_1_61' title='bbox 409 1378 495 1445; x_wconf 93' lang='lat' dir='ltr'><strong>idem</strong></span> <span class='ocrx_word' id='word_1_62' title='bbox 516 1381 624 1446; x_wconf 84' lang='lat' dir='ltr'><strong>valere</strong></span> <span class='ocrx_word' id='word_1_63' title='bbox 648 1379 734 1464; x_wconf 92' lang='lat' dir='ltr'><strong>quod</strong></span> <span class='ocrx_word' id='word_1_64' title='bbox 756 1381 888 1448; x_wconf 87' lang='lat' dir='ltr'><strong>verbum</strong></span> <span class='ocrx_word' id='word_1_65' title='bbox 908 1381 1058 1446; x_wconf 90' lang='lat' dir='ltr'><strong>Latinum</strong></span> <span class='ocrx_word' id='word_1_66' title='bbox 1079 1399 1168 1445; x_wconf 82' lang='grc' dir='ltr'><em>οοκοο</em></span> <span class='ocrx_word' id='word_1_67' title='bbox 1187 1377 1239 1443; x_wconf 88' lang='lat' dir='ltr'><strong>vel</strong></span> 
     </span>
     <span class='ocr_line' id='line_1_10' title="bbox 149 1487 1238 1572; baseline -0.001 -20"><span class='ocrx_word' id='word_1_68' title='bbox 149 1509 233 1572; x_wconf 78' lang='lat' dir='ltr'><strong>epeo:</strong></span> <span class='ocrx_word' id='word_1_69' title='bbox 256 1487 339 1553; x_wconf 87' lang='lat' dir='ltr'><strong>inest</strong></span> <span class='ocrx_word' id='word_1_70' title='bbox 361 1487 489 1571; x_wconf 89' lang='lat' dir='ltr'><strong>quidem</strong></span> <span class='ocrx_word' id='word_1_71' title='bbox 509 1489 537 1556; x_wconf 88' lang='lat' dir='ltr'><strong>is</strong></span> <span class='ocrx_word' id='word_1_72' title='bbox 561 1509 673 1556; x_wconf 88' lang='lat' dir='ltr'><strong>sensus</strong></span> <span class='ocrx_word' id='word_1_73' title='bbox 695 1490 730 1556; x_wconf 91' lang='lat' dir='ltr'><strong>in</strong></span> <span class='ocrx_word' id='word_1_74' title='bbox 752 1489 897 1556; x_wconf 87' lang='lat' dir='ltr'><strong>omnibus</strong></span> <span class='ocrx_word' id='word_1_75' title='bbox 913 1487 1068 1570; x_wconf 85' lang='lat' dir='ltr'><strong>exemplis</strong></span> <span class='ocrx_word' id='word_1_76' title='bbox 1085 1492 1238 1570; x_wconf 86' lang='lat' dir='ltr'><strong>quotquot</strong></span> 
     </span>
     <span class='ocr_line' id='line_1_11' title="bbox 149 1585 1237 1682; baseline 0 -22"><span class='ocrx_word' id='word_1_77' title='bbox 149 1602 215 1661; x_wconf 90' lang='lat' dir='ltr'><strong>tum</strong></span> <span class='ocrx_word' id='word_1_78' title='bbox 236 1595 271 1661; x_wconf 93' lang='lat' dir='ltr'><strong>in</strong></span> <span class='ocrx_word' id='word_1_79' title='bbox 294 1595 499 1664; x_wconf 85' lang='lat' dir='ltr'><strong>adnotatione</strong></span> <span class='ocrx_word' id='word_1_80' title='bbox 521 1598 614 1664; x_wconf 89' lang='lat' dir='ltr'><strong>huius</strong></span> <span class='ocrx_word' id='word_1_81' title='bbox 645 1585 712 1665; x_wconf 74' lang='lat' dir='ltr'><strong>looi¹</strong></span> <span class='ocrx_word' id='word_1_82' title='bbox 731 1599 862 1682; x_wconf 78' lang='lat' dir='ltr'><strong>collegit</strong></span> <span class='ocrx_word' id='word_1_83' title='bbox 884 1597 1147 1675; x_wconf 78' lang='lat' dir='ltr'><strong>Valckenaorius</strong></span> <span class='ocrx_word' id='word_1_84' title='bbox 1171 1600 1237 1661; x_wconf 92' lang='lat' dir='ltr'><strong>turn</strong></span> 
     </span>
     <span class='ocr_line' id='line_1_12' title="bbox 149 1684 1237 1792; baseline -0.001 -23"><span class='ocrx_word' id='word_1_85' title='bbox 149 1684 310 1771; x_wconf 80' lang='lat' dir='ltr'><strong>Porsonirs</strong></span> <span class='ocrx_word' id='word_1_86' title='bbox 333 1705 376 1771; x_wconf 89' lang='lat' dir='ltr'><strong>ad</strong></span> <span class='ocrx_word' id='word_1_87' title='bbox 398 1704 450 1772; x_wconf 91' lang='lat' dir='ltr'><strong>Or.</strong></span> <span class='ocrx_word' id='word_1_88' title='bbox 473 1707 534 1771; x_wconf 84' lang='lat'><strong>659</strong></span> <span class='ocrx_word' id='word_1_89' title='bbox 546 1706 636 1790; x_wconf 83' lang='grc'>(667)</span> <span class='ocrx_word' id='word_1_90' title='bbox 657 1706 799 1792; x_wconf 84' lang='lat' dir='ltr'><strong>protulit,</strong></span> <span class='ocrx_word' id='word_1_91' title='bbox 823 1727 926 1791; x_wconf 90' lang='lat' dir='ltr'><strong>neque</strong></span> <span class='ocrx_word' id='word_1_92' title='bbox 947 1695 1014 1772; x_wconf 77' lang='lat' dir='ltr'><strong>alia</strong></span> <span class='ocrx_word' id='word_1_93' title='bbox 1036 1725 1096 1789; x_wconf 88' lang='lat' dir='ltr'><strong>ego</strong></span> <span class='ocrx_word' id='word_1_94' title='bbox 1118 1703 1237 1771; x_wconf 88' lang='lat' dir='ltr'><strong>inveni.</strong></span> 
     </span>
     <span class='ocr_line' id='line_1_13' title="bbox 150 1813 1239 1900; baseline -0.002 -20"><span class='ocrx_word' id='word_1_95' title='bbox 150 1813 213 1880; x_wconf 88' lang='lat' dir='ltr'><strong>Sed</strong></span> <span class='ocrx_word' id='word_1_96' title='bbox 235 1821 343 1882; x_wconf 88' lang='lat' dir='ltr'><strong>nostro</strong></span> <span class='ocrx_word' id='word_1_97' title='bbox 373 1815 443 1881; x_wconf 89' lang='lat' dir='ltr'><strong>loeo</strong></span> <span class='ocrx_word' id='word_1_98' title='bbox 476 1816 559 1882; x_wconf 86' lang='lat' dir='ltr'><strong>huno</strong></span> <span class='ocrx_word' id='word_1_99' title='bbox 591 1818 698 1900; x_wconf 87' lang='lat' dir='ltr'><strong>potius</strong></span> <span class='ocrx_word' id='word_1_100' title='bbox 730 1836 859 1882; x_wconf 88' lang='lat' dir='ltr'><strong>sensum</strong></span> <span class='ocrx_word' id='word_1_101' title='bbox 881 1815 1115 1882; x_wconf 83' lang='lat' dir='ltr'><strong>desideramus:</strong></span> <span class='ocrx_word' id='word_1_102' title='bbox 1137 1833 1239 1895; x_wconf 80' lang='lat' dir='ltr'><strong>poene</strong></span> 
     </span>
     <span class='ocr_line' id='line_1_14' title="bbox 146 1922 1238 2010; baseline -0.002 -23"><span class='ocrx_word' id='word_1_103' title='bbox 146 1922 256 2002; x_wconf 80' lang='lat' dir='ltr'><strong>finitas</strong></span> <span class='ocrx_word' id='word_1_104' title='bbox 288 1929 332 1988; x_wconf 82' lang='lat' dir='ltr'><strong>ost</strong></span> <span class='ocrx_word' id='word_1_105' title='bbox 364 1923 460 1990; x_wconf 77' lang='lat' dir='ltr'><strong>lotor.</strong></span> <span class='ocrx_word' id='word_1_106' title='bbox 503 1926 651 2010; x_wconf 93' lang='lat' dir='ltr'><strong>Propono</strong></span> <span class='ocrx_word' id='word_1_107' title='bbox 682 1927 781 2010; x_wconf 88' lang='lat' dir='ltr'><strong>igitur</strong></span> <span class='ocrx_word' id='word_1_108' title='bbox 813 1924 1016 1992; x_wconf 82' lang='lat' dir='ltr'><strong>scribendum</strong></span> <span class='ocrx_word' id='word_1_109' title='bbox 1045 1945 1079 2007; x_wconf 79' lang='grc' dir='ltr'><em>γε</em></span> <span class='ocrx_word' id='word_1_110' title='bbox 1109 1942 1167 2007; x_wconf 92' lang='lat' dir='ltr'><strong>pro</strong></span> <span class='ocrx_word' id='word_1_111' title='bbox 1187 1943 1238 2005; x_wconf 85' lang='grc' dir='ltr'><strong>με,</strong></span> 
     </span>
     <span class='ocr_line' id='line_1_15' title="bbox 150 2024 1237 2118; baseline -0.001 -24"><span class='ocrx_word' id='word_1_112' title='bbox 150 2031 210 2097; x_wconf 88' lang='lat' dir='ltr'><strong>ita:</strong></span> <span class='ocrx_word' id='word_1_113' title='bbox 232 2031 272 2096; x_wconf 83' lang='grc' dir='ltr'><strong>οδ</strong></span> <span class='ocrx_word' id='word_1_114' title='bbox 294 2024 399 2096; x_wconf 81' lang='grc' dir='ltr'><em>πόκου</em></span> <span class='ocrx_word' id='word_1_115' title='bbox 421 2033 549 2097; x_wconf 77' lang='grc' dir='ltr'><em>πολλοῦ</em></span> <span class='ocrx_word' id='word_1_116' title='bbox 572 2058 605 2117; x_wconf 75' lang='grc' dir='ltr'><em>γε</em></span> <span class='ocrx_word' id='word_1_117' title='bbox 630 2035 690 2098; x_wconf 80' lang='grc' dir='ltr'><em>δεῖ.</em></span> <span class='ocrx_word' id='word_1_118' title='bbox 735 2035 880 2118; x_wconf 85' lang='lat' dir='ltr'><strong>Denique</strong></span> <span class='ocrx_word' id='word_1_119' title='bbox 900 2033 996 2118; x_wconf 84' lang='lat' dir='ltr'><strong>friget</strong></span> <span class='ocrx_word' id='word_1_120' title='bbox 1007 2055 1036 2100; x_wconf 87' lang='lat' dir='ltr'><strong>v.</strong></span> <span class='ocrx_word' id='word_1_121' title='bbox 1048 2035 1089 2097; x_wconf 82' lang='lat'><strong>23</strong></span> <span class='ocrx_word' id='word_1_122' title='bbox 1108 2029 1237 2095; x_wconf 70' lang='lat' dir='ltr'><strong>meliori</strong></span> 
     </span>
    </p>
   </div>
   <div class='ocr_carea' id='block_1_5' title="bbox 149 2139 1239 2449">
    <p class='ocr_par' dir='ltr' id='par_1_5' title="bbox 149 2139 1239 2449">
     <span class='ocr_line' id='line_1_16' title="bbox 150 2139 1238 2227; baseline -0.001 -22"><span class='ocrx_word' id='word_1_123' title='bbox 150 2146 222 2223; x_wconf 88' lang='lat' dir='ltr'><strong>post</strong></span> <span class='ocrx_word' id='word_1_124' title='bbox 243 2139 352 2205; x_wconf 80' lang='grc' dir='ltr'><em>ττολλᾶ</em></span> <span class='ocrx_word' id='word_1_125' title='bbox 368 2160 396 2206; x_wconf 87' lang='lat' dir='ltr'><strong>r.</strong></span> <span class='ocrx_word' id='word_1_126' title='bbox 406 2143 457 2224; x_wconf 86' lang='grc'><strong>22,</strong></span> <span class='ocrx_word' id='word_1_127' title='bbox 479 2149 574 2226; x_wconf 89' lang='lat' dir='ltr'><strong>atque</strong></span> <span class='ocrx_word' id='word_1_128' title='bbox 587 2144 732 2227; x_wconf 90' lang='lat' dir='ltr'><strong>suspioor</strong></span> <span class='ocrx_word' id='word_1_129' title='bbox 747 2142 781 2209; x_wconf 94' lang='lat' dir='ltr'><strong>id</strong></span> <span class='ocrx_word' id='word_1_130' title='bbox 796 2142 902 2208; x_wconf 74' lang='grc' dir='ltr'><em>πολλά</em></span> <span class='ocrx_word' id='word_1_131' title='bbox 914 2163 1043 2209; x_wconf 88' lang='lat' dir='ltr'><strong>oausam</strong></span> <span class='ocrx_word' id='word_1_132' title='bbox 1058 2141 1159 2206; x_wconf 86' lang='lat' dir='ltr'><strong>fuisse</strong></span> <span class='ocrx_word' id='word_1_133' title='bbox 1171 2159 1238 2205; x_wconf 91' lang='lat' dir='ltr'><strong>oor-</strong></span> 
     </span>
     <span class='ocr_line' id='line_1_17' title="bbox 149 2246 1239 2349; baseline -0.002 -35"><span class='ocrx_word' id='word_1_134' title='bbox 149 2250 292 2332; x_wconf 88' lang='lat' dir='ltr'><strong>ruptelae</strong></span> <span class='ocrx_word' id='word_1_135' title='bbox 314 2250 348 2316; x_wconf 91' lang='lat' dir='ltr'><strong>in</strong></span> <span class='ocrx_word' id='word_1_136' title='bbox 370 2251 419 2315; x_wconf 89' lang='grc'><strong>23.</strong></span> <span class='ocrx_word' id='word_1_137' title='bbox 462 2251 579 2318; x_wconf 88' lang='lat' dir='ltr'><strong>Nesoio</strong></span> <span class='ocrx_word' id='word_1_138' title='bbox 613 2273 654 2318; x_wconf 89' lang='lat' dir='ltr'><strong>an</strong></span> <span class='ocrx_word' id='word_1_139' title='bbox 689 2253 902 2349; x_wconf 83' lang='lat' dir='ltr'><strong>scribendum</strong></span> <span class='ocrx_word' id='word_1_140' title='bbox 915 2252 958 2318; x_wconf 88' lang='lat' dir='ltr'><strong>sit</strong></span> <span class='ocrx_word' id='word_1_141' title='bbox 985 2249 1120 2332; x_wconf 81' lang='grc' dir='ltr'><strong><em>μακροῦ,</em></strong></span> <span class='ocrx_word' id='word_1_142' title='bbox 1153 2246 1239 2331; x_wconf 88' lang='lat' dir='ltr'><strong>quod</strong></span> 
     </span>
     <span class='ocr_line' id='line_1_18' title="bbox 151 2353 1236 2449; baseline -0.003 -26"><span class='ocrx_word' id='word_1_143' title='bbox 151 2359 338 2424; x_wconf 78' lang='lat' dir='ltr'><strong>uocabulum</strong></span> <span class='ocrx_word' id='word_1_144' title='bbox 371 2360 452 2425; x_wconf 88' lang='lat' dir='ltr'><strong>bene</strong></span> <span class='ocrx_word' id='word_1_145' title='bbox 484 2361 623 2444; x_wconf 81' lang='lat' dir='ltr'><strong>explicet</strong></span> <span class='ocrx_word' id='word_1_146' title='bbox 653 2361 735 2426; x_wconf 90' lang='lat' dir='ltr'><strong>illud</strong></span> <span class='ocrx_word' id='word_1_147' title='bbox 765 2359 798 2426; x_wconf 81' lang='grc' dir='ltr'><strong>ἐν</strong></span> <span class='ocrx_word' id='word_1_148' title='bbox 826 2361 893 2449; x_wconf 71' lang='grc' dir='ltr'><em>τῇδ’</em></span> <span class='ocrx_word' id='word_1_149' title='bbox 919 2353 1030 2448; x_wconf 79' lang='grc' dir='ltr'><strong><em>ἡμέρᾳ.</em></strong></span> <span class='ocrx_word' id='word_1_150' title='bbox 1073 2355 1236 2440; x_wconf 85' lang='lat' dir='ltr'><strong>Integrum</strong></span> 
     </span>
    </p>
   </div>
   <div class='ocr_carea' id='block_1_6' title="bbox 150 2465 1092 2896">
    <p class='ocr_par' dir='ltr' id='par_1_6' title="bbox 150 2465 1092 2896">
     <span class='ocr_line' id='line_1_19' title="bbox 150 2465 992 2553; baseline 0.004 -22"><span class='ocrx_word' id='word_1_151' title='bbox 150 2465 249 2549; x_wconf 92' lang='lat' dir='ltr'><strong>igitur</strong></span> <span class='ocrx_word' id='word_1_152' title='bbox 271 2467 374 2532; x_wconf 83' lang='lat' dir='ltr'><strong>locum</strong></span> <span class='ocrx_word' id='word_1_153' title='bbox 396 2469 520 2533; x_wconf 90' lang='grc'>21-23</span> <span class='ocrx_word' id='word_1_154' title='bbox 540 2469 588 2534; x_wconf 89' lang='lat' dir='ltr'><strong>sie</strong></span> <span class='ocrx_word' id='word_1_155' title='bbox 609 2468 811 2535; x_wconf 79' lang='lat' dir='ltr'><strong>scribendum</strong></span> <span class='ocrx_word' id='word_1_156' title='bbox 833 2467 992 2553; x_wconf 88' lang='lat' dir='ltr'><strong>propon&#39;o:</strong></span> 
     </span>
     <span class='ocr_line' id='line_1_20' title="bbox 296 2583 948 2679; baseline 0.005 -24"><span class='ocrx_word' id='word_1_157' title='bbox 296 2583 317 2655; x_wconf 76' lang='grc' dir='ltr'>ἃ</span> <span class='ocrx_word' id='word_1_158' title='bbox 338 2590 365 2656; x_wconf 89' lang='grc' dir='ltr'><strong>δ’</strong></span> <span class='ocrx_word' id='word_1_159' title='bbox 388 2587 435 2669; x_wconf 74' lang='grc' dir='ltr'><em>εἷς</em></span> <span class='ocrx_word' id='word_1_160' title='bbox 456 2589 506 2674; x_wconf 74' lang='grc' dir='ltr'><strong>ἔμ’</strong></span> <span class='ocrx_word' id='word_1_161' title='bbox 527 2585 698 2678; x_wconf 75' lang='grc' dir='ltr'><em>ἡμάρτηκε,</em></span> <span class='ocrx_word' id='word_1_162' title='bbox 722 2588 948 2679; x_wconf 74' lang='grc' dir='ltr'><strong><em>τιμωρήσομαι</em></strong></span> 
     </span>
     <span class='ocr_line' id='line_1_21' title="bbox 295 2695 1019 2790; baseline 0.004 -27"><span class='ocrx_word' id='word_1_163' title='bbox 295 2695 490 2766; x_wconf 79' lang='grc' dir='ltr'><em>Ἱππόλυτον</em></span> <span class='ocrx_word' id='word_1_164' title='bbox 510 2700 544 2766; x_wconf 79' lang='grc' dir='ltr'><strong>ἐν</strong></span> <span class='ocrx_word' id='word_1_165' title='bbox 565 2701 633 2790; x_wconf 70' lang='grc' dir='ltr'><em>τῇδ’</em></span> <span class='ocrx_word' id='word_1_166' title='bbox 656 2697 769 2789; x_wconf 74' lang='grc' dir='ltr'><strong><em>ἡμέρᾳ,</em></strong></span> <span class='ocrx_word' id='word_1_167' title='bbox 790 2697 831 2766; x_wconf 82' lang='grc' dir='ltr'><strong>τὰ</strong></span> <span class='ocrx_word' id='word_1_168' title='bbox 853 2697 959 2768; x_wconf 77' lang='grc' dir='ltr'><em>πολλὰ</em></span> <span class='ocrx_word' id='word_1_169' title='bbox 980 2697 1019 2786; x_wconf 72' lang='grc' dir='ltr'><em>δὴ</em></span> 
     </span>
     <span class='ocr_line' id='line_1_22' title="bbox 254 2803 1092 2896; baseline 0.005 -24"><span class='ocrx_word' id='word_1_170' title='bbox 254 2812 264 2830; x_wconf 86' lang='grc'><strong>“</strong></span> <span class='ocrx_word' id='word_1_171' title='bbox 297 2803 398 2874; x_wconf 82' lang='grc' dir='ltr'><strong><em>πάλαι</em></strong></span> <span class='ocrx_word' id='word_1_172' title='bbox 417 2804 621 2894; x_wconf 69' lang='grc' dir='ltr'><em>προκόψαδ·</em></span> <span class='ocrx_word' id='word_1_173' title='bbox 643 2804 682 2876; x_wconf 79' lang='grc' dir='ltr'><strong>οδ</strong></span> <span class='ocrx_word' id='word_1_174' title='bbox 704 2807 808 2876; x_wconf 84' lang='grc' dir='ltr'><em>ττόκοο</em></span> <span class='ocrx_word' id='word_1_175' title='bbox 830 2813 955 2893; x_wconf 82' lang='grc' dir='ltr'><strong><em>μακροῦ</em></strong></span> <span class='ocrx_word' id='word_1_176' title='bbox 976 2835 1011 2896; x_wconf 81' lang='grc' dir='ltr'><em>γε</em></span> <span class='ocrx_word' id='word_1_177' title='bbox 1033 2811 1092 2876; x_wconf 87' lang='grc' dir='ltr'><em>δεῖ.</em></span> 
     </span>
    </p>
   </div>
   <div class='ocr_carea' id='block_1_7' title="bbox 598 3019 791 3027">
    <p class='ocr_par' dir='ltr' id='par_1_7' title="bbox 598 3019 791 3027">
     <span class='ocr_line' id='line_1_23' title="bbox 598 3019 791 3027; baseline 0 -1"><span class='ocrx_word' id='word_1_178' title='bbox 598 3019 791 3027; x_wconf 77' lang='lat'>——-——-—-——</span> 
     </span>
    </p>
   </div>
   <div class='ocr_carea' id='block_1_8' title="bbox 146 3170 1305 4347">
    <p class='ocr_par' dir='ltr' id='par_1_8' title="bbox 146 3170 1305 4347">
     <span class='ocr_line' id='line_1_24' title="bbox 247 3170 1046 3258; baseline 0.005 -20"><span class='ocrx_word' id='word_1_179' title='bbox 247 3175 285 3238; x_wconf 92' lang='lat' dir='ltr'><strong>In</strong></span> <span class='ocrx_word' id='word_1_180' title='bbox 306 3195 335 3240; x_wconf 86' lang='lat' dir='ltr'><strong>v.</strong></span> <span class='ocrx_word' id='word_1_181' title='bbox 358 3176 414 3241; x_wconf 81' lang='lat'><strong>27:</strong></span> <span class='ocrx_word' id='word_1_182' title='bbox 436 3170 551 3241; x_wconf 79' lang='grc' dir='ltr'><em>ἰδοῦσα</em></span> <span class='ocrx_word' id='word_1_183' title='bbox 574 3175 699 3258; x_wconf 79' lang='grc' dir='ltr'><strong><em>Φαίδρα</em></strong></span> <span class='ocrx_word' id='word_1_184' title='bbox 720 3174 854 3258; x_wconf 82' lang='grc' dir='ltr'><strong><em>καρδίαν</em></strong></span> <span class='ocrx_word' id='word_1_185' title='bbox 874 3176 1046 3256; x_wconf 84' lang='grc' dir='ltr'><em>κατέσχετο</em></span> 
     </span>
     <span class='ocr_line' id='line_1_25' title="bbox 148 3283 1236 3369; baseline 0.003 -22"><span class='ocrx_word' id='word_1_186' title='bbox 148 3283 260 3348; x_wconf 94' lang='lat' dir='ltr'><strong>dubito</strong></span> <span class='ocrx_word' id='word_1_187' title='bbox 295 3304 336 3349; x_wconf 89' lang='lat' dir='ltr'><strong>an</strong></span> <span class='ocrx_word' id='word_1_188' title='bbox 376 3305 440 3350; x_wconf 91' lang='lat' dir='ltr'><strong>non</strong></span> <span class='ocrx_word' id='word_1_189' title='bbox 482 3293 574 3352; x_wconf 84' lang='lat' dir='ltr'><strong>naute</strong></span> <span class='ocrx_word' id='word_1_190' title='bbox 619 3285 744 3369; x_wconf 90' lang='lat' dir='ltr'><strong>egerint</strong></span> <span class='ocrx_word' id='word_1_191' title='bbox 786 3285 924 3352; x_wconf 90' lang='lat' dir='ltr'><strong>editores</strong></span> <span class='ocrx_word' id='word_1_192' title='bbox 970 3288 1025 3369; x_wconf 88' lang='lat' dir='ltr'><strong>qui</strong></span> <span class='ocrx_word' id='word_1_193' title='bbox 1071 3285 1236 3366; x_wconf 81' lang='grc' dir='ltr'><em>κατείχετο</em></span> 
     </span>
     <span class='ocr_line' id='line_1_26' title="bbox 147 3392 1236 3479; baseline 0.003 -21"><span class='ocrx_word' id='word_1_194' title='bbox 147 3392 354 3476; x_wconf 86' lang='lat' dir='ltr'><strong>seripserunt.</strong></span> <span class='ocrx_word' id='word_1_195' title='bbox 377 3395 481 3461; x_wconf 90' lang='lat' dir='ltr'><strong>Huius</strong></span> <span class='ocrx_word' id='word_1_196' title='bbox 504 3396 689 3463; x_wconf 88' lang='lat' dir='ltr'><strong>mutationis</strong></span> <span class='ocrx_word' id='word_1_197' title='bbox 712 3403 822 3462; x_wconf 89' lang='lat' dir='ltr'><strong>auotor</strong></span> <span class='ocrx_word' id='word_1_198' title='bbox 843 3403 892 3461; x_wconf 89' lang='lat' dir='ltr'><strong>est</strong></span> <span class='ocrx_word' id='word_1_199' title='bbox 915 3395 1075 3477; x_wconf 89' lang='lat' dir='ltr'><strong>Monkius‚</strong></span> <span class='ocrx_word' id='word_1_200' title='bbox 1097 3398 1152 3478; x_wconf 88' lang='lat' dir='ltr'><strong>qui</strong></span> <span class='ocrx_word' id='word_1_201' title='bbox 1167 3397 1236 3479; x_wconf 89' lang='lat' dir='ltr'><strong>qui·</strong></span> 
     </span>
     <span class='ocr_line' id='line_1_27' title="bbox 148 3500 1236 3589; baseline 0.004 -23"><span class='ocrx_word' id='word_1_202' title='bbox 148 3500 222 3566; x_wconf 89' lang='lat' dir='ltr'><strong>dem</strong></span> <span class='ocrx_word' id='word_1_203' title='bbox 244 3501 315 3586; x_wconf 88' lang='lat' dir='ltr'><strong>ipse</strong></span> <span class='ocrx_word' id='word_1_204' title='bbox 337 3523 403 3568; x_wconf 91' lang='lat' dir='ltr'><strong>rem</strong></span> <span class='ocrx_word' id='word_1_205' title='bbox 436 3505 500 3569; x_wconf 88' lang='lat' dir='ltr'><strong>levi</strong></span> <span class='ocrx_word' id='word_1_206' title='bbox 532 3504 681 3571; x_wconf 87' lang='lat' dir='ltr'><strong>braoohio</strong></span> <span class='ocrx_word' id='word_1_207' title='bbox 713 3505 832 3589; x_wconf 88' lang='lat' dir='ltr'><strong>tetigit:</strong></span> <span class='ocrx_word' id='word_1_208' title='bbox 861 3525 963 3588; x_wconf 88' lang='lat' dir='ltr'><strong>neque</strong></span> <span class='ocrx_word' id='word_1_209' title='bbox 985 3504 1156 3571; x_wconf 82' lang='lat' dir='ltr'><strong>Elmsleius</strong></span> <span class='ocrx_word' id='word_1_210' title='bbox 1181 3505 1236 3588; x_wconf 83' lang='lat' dir='ltr'><strong>qui</strong></span> 
     </span>
     <span class='ocr_line' id='line_1_28' title="bbox 147 3609 1236 3695; baseline 0.004 -21"><span class='ocrx_word' id='word_1_211' title='bbox 147 3609 260 3675; x_wconf 89' lang='lat' dir='ltr'><strong>Monki</strong></span> <span class='ocrx_word' id='word_1_212' title='bbox 291 3612 498 3677; x_wconf 87' lang='lat' dir='ltr'><strong>mutationem</strong></span> <span class='ocrx_word' id='word_1_213' title='bbox 531 3612 679 3695; x_wconf 88' lang='lat' dir='ltr'><strong>probavit</strong></span> <span class='ocrx_word' id='word_1_214' title='bbox 713 3611 768 3693; x_wconf 92' lang='lat' dir='ltr'><strong>(ad</strong></span> <span class='ocrx_word' id='word_1_215' title='bbox 790 3612 916 3679; x_wconf 87' lang='lat' dir='ltr'><strong>Heraol.</strong></span> <span class='ocrx_word' id='word_1_216' title='bbox 938 3613 1013 3688; x_wconf 83' lang='lat'><strong>634)</strong></span> <span class='ocrx_word' id='word_1_217' title='bbox 1044 3620 1142 3678; x_wconf 86' lang='lat' dir='ltr'><strong>totam</strong></span> <span class='ocrx_word' id='word_1_218' title='bbox 1170 3631 1236 3678; x_wconf 88' lang='lat' dir='ltr'><strong>rem</strong></span> 
     </span>
     <span class='ocr_line' id='line_1_29' title="bbox 147 3715 1237 3805; baseline 0.004 -22"><span class='ocrx_word' id='word_1_219' title='bbox 147 3719 307 3784; x_wconf 83' lang='lat' dir='ltr'><strong>tractavit.</strong></span> <span class='ocrx_word' id='word_1_220' title='bbox 349 3719 510 3786; x_wconf 84' lang='lat' dir='ltr'><strong>Aoristum</strong></span> <span class='ocrx_word' id='word_1_221' title='bbox 533 3715 670 3805; x_wconf 81' lang='grc' dir='ltr'><em>εὀχόμηκ</em></span> <span class='ocrx_word' id='word_1_222' title='bbox 692 3723 826 3805; x_wconf 85' lang='lat' dir='ltr'><strong>passiva</strong></span> <span class='ocrx_word' id='word_1_223' title='bbox 847 3721 1081 3805; x_wconf 84' lang='lat' dir='ltr'><strong>signifieatione</strong></span> <span class='ocrx_word' id='word_1_224' title='bbox 1104 3741 1237 3802; x_wconf 90' lang='lat' dir='ltr'><strong>usurpa·</strong></span> 
     </span>
     <span class='ocr_line' id='line_1_30' title="bbox 147 3827 1236 3913; baseline 0.004 -21"><span class='ocrx_word' id='word_1_225' title='bbox 147 3835 222 3894; x_wconf 88' lang='lat' dir='ltr'><strong>runt</strong></span> <span class='ocrx_word' id='word_1_226' title='bbox 237 3827 353 3894; x_wconf 77' lang='lat' dir='ltr'><strong>Graeei</strong></span> <span class='ocrx_word' id='word_1_227' title='bbox 375 3828 548 3912; x_wconf 89' lang='lat' dir='ltr'><strong>soriptores</strong></span> <span class='ocrx_word' id='word_1_228' title='bbox 579 3830 654 3896; x_wconf 91' lang='lat' dir='ltr'><strong>inde</strong></span> <span class='ocrx_word' id='word_1_229' title='bbox 687 3830 729 3896; x_wconf 88' lang='lat' dir='ltr'><strong>ab</strong></span> <span class='ocrx_word' id='word_1_230' title='bbox 751 3832 889 3896; x_wconf 88' lang='lat' dir='ltr'><strong>Homero</strong></span> <span class='ocrx_word' id='word_1_231' title='bbox 913 3850 1014 3913; x_wconf 88' lang='lat' dir='ltr'><strong>usque</strong></span> <span class='ocrx_word' id='word_1_232' title='bbox 1036 3831 1079 3896; x_wconf 88' lang='lat' dir='ltr'><strong>ad</strong></span> <span class='ocrx_word' id='word_1_233' title='bbox 1099 3831 1236 3896; x_wconf 91' lang='lat' dir='ltr'><strong>Dionem</strong></span> 
     </span>
     <span class='ocr_line' id='line_1_31' title="bbox 148 3927 1305 4026; baseline 0.003 -24"><span class='ocrx_word' id='word_1_234' title='bbox 148 3935 308 4018; x_wconf 81' lang='lat' dir='ltr'><strong>Cassium.</strong></span> <span class='ocrx_word' id='word_1_235' title='bbox 345 3938 393 4004; x_wconf 92' lang='lat' dir='ltr'><strong>De</strong></span> <span class='ocrx_word' id='word_1_236' title='bbox 416 3939 533 4005; x_wconf 89' lang='lat' dir='ltr'><strong>Attiois</strong></span> <span class='ocrx_word' id='word_1_237' title='bbox 554 3944 629 4020; x_wconf 86' lang='lat' dir='ltr'><strong>tuno</strong></span> <span class='ocrx_word' id='word_1_238' title='bbox 644 3939 770 4005; x_wconf 90' lang='lat' dir='ltr'><strong>demum</strong></span> <span class='ocrx_word' id='word_1_239' title='bbox 786 3940 933 4006; x_wconf 87' lang='lat' dir='ltr'><strong>dubitare</strong></span> <span class='ocrx_word' id='word_1_240' title='bbox 952 3941 1071 4016; x_wconf 82' lang='lat' dir='ltr'><strong>lioebit,</strong></span> <span class='ocrx_word' id='word_1_241' title='bbox 1092 3940 1120 4006; x_wconf 92' lang='lat' dir='ltr'><strong>si</strong></span> <span class='ocrx_word' id='word_1_242' title='bbox 1136 3962 1235 4026; x_wconf 90' lang='lat' dir='ltr'><strong>appa·</strong></span> <span class='ocrx_word' id='word_1_243' title='bbox 1303 3927 1305 3931; x_wconf 51' lang='grc'>’</span> 
     </span>
     <span class='ocr_line' id='line_1_32' title="bbox 146 4045 1234 4133; baseline 0.004 -23"><span class='ocrx_word' id='word_1_244' title='bbox 146 4045 231 4112; x_wconf 82' lang='lat' dir='ltr'><strong>tebit</strong></span> <span class='ocrx_word' id='word_1_245' title='bbox 254 4046 314 4112; x_wconf 88' lang='lat' dir='ltr'><strong>has</strong></span> <span class='ocrx_word' id='word_1_246' title='bbox 335 4045 454 4113; x_wconf 82' lang='lat' dir='ltr'><strong>formas</strong></span> <span class='ocrx_word' id='word_1_247' title='bbox 474 4047 638 4114; x_wconf 87' lang='lat' dir='ltr'><strong>rarissime</strong></span> <span class='ocrx_word' id='word_1_248' title='bbox 660 4048 796 4115; x_wconf 86' lang='lat' dir='ltr'><strong>traditas</strong></span> <span class='ocrx_word' id='word_1_249' title='bbox 815 4069 886 4116; x_wconf 85' lang='lat' dir='ltr'><strong>esse</strong></span> <span class='ocrx_word' id='word_1_250' title='bbox 909 4057 1004 4133; x_wconf 88' lang='lat' dir='ltr'><strong>atque</strong></span> <span class='ocrx_word' id='word_1_251' title='bbox 1026 4049 1143 4116; x_wconf 86' lang='lat' dir='ltr'><strong>talibus</strong></span> <span class='ocrx_word' id='word_1_252' title='bbox 1165 4056 1234 4115; x_wconf 87' lang='lat' dir='ltr'><strong>tan-</strong></span> 
     </span>
     <span class='ocr_line' id='line_1_33' title="bbox 146 4154 1234 4242; baseline 0.002 -20"><span class='ocrx_word' id='word_1_253' title='bbox 146 4161 215 4222; x_wconf 90' lang='lat' dir='ltr'><strong>tum</strong></span> <span class='ocrx_word' id='word_1_254' title='bbox 239 4154 318 4221; x_wconf 87' lang='lat' dir='ltr'><strong>loeis</strong></span> <span class='ocrx_word' id='word_1_255' title='bbox 337 4156 473 4222; x_wconf 84' lang='lat' dir='ltr'><strong>traditas</strong></span> <span class='ocrx_word' id='word_1_256' title='bbox 494 4156 549 4221; x_wconf 91' lang='lat' dir='ltr'><strong>ubi</strong></span> <span class='ocrx_word' id='word_1_257' title='bbox 571 4157 727 4241; x_wconf 89' lang='lat' dir='ltr'><strong>aptiorem</strong></span> <span class='ocrx_word' id='word_1_258' title='bbox 746 4177 873 4225; x_wconf 87' lang='lat' dir='ltr'><strong>sensum</strong></span> <span class='ocrx_word' id='word_1_259' title='bbox 890 4158 1038 4226; x_wconf 88' lang='lat' dir='ltr'><strong>daturum</strong></span> <span class='ocrx_word' id='word_1_260' title='bbox 1053 4159 1096 4224; x_wconf 88' lang='lat' dir='ltr'><strong>sit</strong></span> <span class='ocrx_word' id='word_1_261' title='bbox 1110 4165 1234 4242; x_wconf 87' lang='lat' dir='ltr'><strong>tempus</strong></span> 
     </span>
     <span class='ocr_line' id='line_1_34' title="bbox 146 4263 1233 4347; baseline 0.002 -17"><span class='ocrx_word' id='word_1_262' title='bbox 146 4263 380 4347; x_wconf 89' lang='lat' dir='ltr'><strong>impert&#39;eotum.</strong></span> <span class='ocrx_word' id='word_1_263' title='bbox 420 4264 573 4332; x_wconf 81' lang='lat' dir='ltr'><strong>Traditae</strong></span> <span class='ocrx_word' id='word_1_264' title='bbox 596 4273 702 4334; x_wconf 86' lang='lat' dir='ltr'><strong>autem</strong></span> <span class='ocrx_word' id='word_1_265' title='bbox 725 4274 798 4332; x_wconf 87' lang='lat' dir='ltr'><strong>suut</strong></span> <span class='ocrx_word' id='word_1_266' title='bbox 820 4287 880 4334; x_wconf 90' lang='lat' dir='ltr'><strong>eae</strong></span> <span class='ocrx_word' id='word_1_267' title='bbox 901 4267 1021 4334; x_wconf 84' lang='lat' dir='ltr'><strong>formae</strong></span> <span class='ocrx_word' id='word_1_268' title='bbox 1043 4267 1093 4336; x_wconf 81' lang='lat' dir='ltr'><strong>his</strong></span> <span class='ocrx_word' id='word_1_269' title='bbox 1115 4266 1233 4334; x_wconf 83' lang='lat' dir='ltr'><strong>Attien-</strong></span> 
     </span>
    </p>
   </div>
   <div class='ocr_carea' id='block_1_9' title="bbox 0 0 1426 4870">
    <p class='ocr_par' dir='ltr' id='par_1_9' title="bbox 0 0 1426 4870">
     <span class='ocr_line' id='line_1_35' title="bbox 0 0 1426 4870; baseline 0 0"><span class='ocrx_word' id='word_1_270' title='bbox 0 0 1426 4870; x_wconf 95' lang='lat' dir='ltr'><strong> </strong></span> 
     </span>
    </p>
   </div>
  </div>
 </body>
</html>
