2842 4870
688 339 723 397 30

179 484 183 498 ,
259 505 297 575 V.
319 510 380 575 204
409 510 586 596 παρειμένη
607 510 644 577 δὲ
664 506 771 592 χειρός
791 501 910 579 όθλιον
931 506 1031 596 βάρος

161 619 304 700 spurium
325 637 397 684 esse
418 619 516 684 multo
538 622 605 685 veri
627 622 765 688 similius
787 629 836 688 est
857 643 953 705 quam
974 629 1157 706 sequentem
1178 643 1247 690 ver-

160 746 230 791 sum
250 727 409 794 excidisse
430 729 513 795 sieut
535 729 670 796 coniecit
691 729 870 798 Elmsleius.
910 732 1000 822 Nihil
1023 731 1115 798 enim'
1131 735 1164 800 in
1186 733 1247 800 hoc

160 855 254 901 versu
276 836 359 902 inest
379 835 464 920 q'uod
485 857 547 903 non
569 839 640 902 201.
663 839 724 903 203
745 838 942 906 declaratum
962 840 1067 907 fuerit.

260 1053 308 1118 De
329 1073 358 1118 v.
375 1054 557 1123 238-243:

359 1150 481 1226 οόποτε
504 1155 600 1250 φήσω
622 1158 728 1246 γάμον
750 1155 935 1249 εὐφραίνειν

356 1267 457 1333 πλέον
478 1263 499 1360 ἢ
519 1271 645 1348 λυπεῖν,
666 1277 738 1348 τοῖς
758 1294 793 1336 τε
814 1264 984 1354 πάροιθεν

355 1371 608 1462 τεκμαιρόμενος
627 1377 683 1443 καὶ
704 1372 801 1444 adcon
823 1372 919 1460 τύχας

359 1479 508 1551 λεύσσων
528 1486 697 1569 βασιλέως,
719 1481 809 1566 ὅστις
829 1480 961 1572 ἀρίστης

360 1586 514 1660 όπλακών
535 1589 653 1678 α’λόχου
672 1598 761 1684 τῆσδ’
784 1589 926 1679 decoros

262 1785 265 1792 .
356 1699 415 1768 τόν
438 1699 554 1769 ἔπειτα
573 1699 690 1788 χρόνον
710 1690 882 1788 βιοτεύσει.

166 1892 169 1908 ,
258 1830 325 1894 Hos
347 1847 456 1896 versus
489 1832 517 1896 si
550 1831 743 1915 impugnabo
765 1832 845 1898 satis
867 1832 934 1897 scio
954 1831 1021 1898 fore
1044 1838 1079 1898 ut
1101 1833 1245 1915 plerique

160 1937 273 2004 tironis
305 1941 514 2006 temeritatem
542 1939 724 2006 fastidiant:
757 1940 815 2006 sed
843 1947 972 2007 eertum·
990 1939 1070 2005 mihi
1092 1941 1246 2025 proposui

160 2045 302 2111 laborem
337 2067 396 2113 uec
431 2049 516 2132 turpi
548 2049 675 2114 silentio
709 2049 827 2114 cavebo
853 2068 894 2114 ne
924 2049 958 2112 in
977 2049 1247 2133 vituperationem

162 2152 284 2220 cadam.
326 2155 522 2240 Argumenta
552 2159 580 2224 si
611 2157 799 2224 refutaveris
830 2177 911 2240 quae
937 2177 987 2224 me
1017 2162 1188 2241 coegerunt
1206 2163 1245 2230 ,ut

162 2262 220 2328 hos
252 2283 362 2331 versus
395 2267 653 2350 suspectissimos
685 2265 845 2344 haberem,
880 2267 1001 2350 gratias
1026 2253 1246 2331 tibi'3habebo:

164 2373 262 2455 prius,
287 2392 415 2455 quaeso,
437 2373 523 2440 audi.
566 2376 628 2441 Per
648 2375 760 2442 valvas
789 2375 897 2458 regiae
920 2373 1031 2440 domus
1050 2373 1173 2441 medias
1198 2374 1245 2438 in-

162 2481 279 2547 cedunt
297 2483 331 2548 in
353 2502 502 2549 scaenam
522 2483 677 2550 Admetus
700 2490 732 2549 et
751 2483 898 2560 Alcestis,
929 2502 1061 2566 quorum
1083 2482 1248 2548 introitum

161 2593 393 2674 spectatoribus
430 2592 579 2659 nuntiant
607 2592 775 2658 choreutae
805 2594 868 2678 233
902 2586 974 2657 ἔδοι)
1005 2585 1088 2671 ἰδού,
1123 2585 1176 2676 ἥδ’
1211 2588 1247 2654 ἐκ

160 2693 273 2782 δόμων
294 2697 334 2785 δὴ
357 2699 411 2766 καὶ
431 2696 530 2778 πόσις
555 2694 739 2783 πορεύεται.
783 2702 866 2768 Dum
897 2720 1008 2767 versus
1036 2701 1168 2766 melicos
1187 2719 1245 2766 ex·

160 2815 277 2876 nemos
298 2830 399 2894 usqne
420 2810 462 2877 ad
484 2811 545 2876 237
568 2809 682 2878 chorus
710 2811 806 2895 canit,
834 2810 869 2876 in
890 2809 1113 2894 proscaenium
1133 2799 1245 2893 proce'·

161 2916 240 2983 dunt
259 2918 367 3002 regiae
390 2939 555 3003 personae,
577 2926 672 3002 atque
693 2919 782 2986 finito
804 2919 865 2986 hoc
880 2925 976 2986 cantu
998 2923 1245 2984 consentaneum

161 3031 210 3092 est
230 3028 432 3110 insequentes
467 3046 627 3096 sermones
660 3028 768 3096 statim
802 3027 968 3094 exordium
999 3046 1115 3112 capere
1142 3045 1245 3108 neque

160 3135 226 3200 iam
248 3133 381 3202 differri.
424 3137 528 3220 Atque
559 3137 772 3222 pulcherrime
805 3136 889 3203 hunc
917 3142 1044 3202 cantum
1071 3130 1246 3200 Alcestidis

161 3243 260 3310 verba
274 3244 335 3308 244
346 3263 414 3327 sqq.
436 3246 612 3329 excipiunt:
631 3265 742 3312 versus
765 3246 820 3312 isti
838 3243 1037 3328 anapaestioi
1056 3260 1160 3324 neque
1178 3239 1244 3305 ullo

161 3371 231 3418 cum
253 3351 353 3418 altero
375 3357 445 3418 utro
467 3351 536 3418 loeo
557 3354 758 3421 continentur
770 3352 899 3418 vinculo
920 3359 953 3418 et
972 3369 1023 3416 res
1046 3349 1244 3416 continentes

161 3460 325 3529 divellunt
368 3460 461 3540 Quod
494 3463 524 3529 si
556 3461 638 3530 hanc
668 3464 857 3530 sententiam
878 3461 974 3529 choro
995 3459 1135 3526 tribuere
1155 3455 1244 3523 volu-

161 3571 366 3654 issetpoeta,
388 3576 488 3642 alium
509 3573 675 3657 oportebat
705 3573 783 3657 eligi
808 3571 921 3638 locum.
963 3570 1047 3635 Nam
1067 3567 1246 3636 misericor·

161 3678 248 3745 diam
269 3697 360 3746 suam
382 3683 446 3746 iam
467 3688 563 3748 antea
586 3680 771 3766 plenissime
792 3675 950 3766 expressit
976 3677 1100 3756 chorus,
1123 3675 1174 3743 cui
1197 3673 1244 3740 rei

160 3808 190 3853 v.
205 3787 266 3852 232
287 3786 383 3854 finem
402 3789 564 3873 imposuit.
595 3788 708 3872 Neque
730 3787 825 3853 facile
846 3787 986 3852 animum
1008 3783 1188 3850 induxerim
1209 3787 1245 3846 nt

162 3896 289 3972 credam
322 3897 513 3982 Euripidem
543 3898 673 3964 finxisse
709 3895 923 3984 coryphaeum
949 3914 989 3960 ea
1016 3894 1115 3960 verba
1137 3911 1244 3958 eoram

143 4005 322 4082 ,Alcestide
356 4003 495 4072 nondum
530 4010 654 4069 mortua
683 4003 878 4070 recitantem,
919 4003 1067 4084 Denique
1097 4001 1248 4106 displicet

162 4115 295 4181 istorum
316 4133 464 4194 versuum
485 4118 626 4178 metrum.
668 4113 781 4196 Neque
811 4113 896 4180 enim
915 4110 1082 4178 sententiis
1104 4116 1136 4176 et
1156 4107 1247 4194 cogi-

163 4221 239 4292 tatis
261 4222 328 4307 apti
351 4228 425 4289 snnt
446 4241 555 4288 versus
570 4223 777 4305 anapaestici.
800 4219 977 4286 Transtulit
996 4219 1133 4285 tortasse
1149 4219 1245 4284 inter-
