2842 4870
751 283 785 334 10

218 471 314 535 quam
336 453 473 538 spurios,
505 453 566 520 hac
597 455 667 522 sola
698 462 832 522 externa
863 457 987 524 ratione
1009 457 1193 525 defenditur
1214 477 1311 525 unus-

217 561 353 644 quisque
375 582 495 644 vcrsqs.
538 565 642 647 Atque
673 567 804 648 gravior
835 574 884 632 est
913 567 982 632 eius
1003 567 1099 651 culpa
1117 569 1172 650 qui
1194 574 1312 653 poetae

217 671 335 736 famam
369 671 518 744 obscurat
548 693 646 739 unum
677 675 823 758 spurium
856 695 983 741 versum
1005 675 1180 743 defendens
1212 695 1311 759 quarn

217 780 286 845 cius
319 780 374 862 qui
407 781 498 847 illurn
531 775 654 849 duribus
685 783 778 849 bonis
812 792 844 850 ct
875 785 1026 869 genuinis
1048 785 1168 871 privat:
1199 785 1313 852 sedet

218 888 279 956 hoc
301 889 427 956 facinus
450 897 482 956 et
503 890 584 956 illud
606 892 723 958 vitabit
743 893 971 976 grammaticus
989 894 1168 978 religiosus.

316 998 583 1083 Interpolatioues
610 1001 797 1068 secernendi
820 1003 904 1068 hanc
926 1003 1012 1068 viam
1034 1022 1104 1069 esse
1127 1001 1312 1087 ingredien-

174 1183 178 1194 .
217 1106 293 1173 dum
315 1110 436 1192 putavi.
464 1111 605 1175 Primum
621 1111 758 1195 singulis
781 1111 899 1178 fabulis
915 1111 1088 1195 diligenter
1104 1111 1257 1178 lectitatis
1269 1111 1311 1177 de

217 1237 409 1300 unaquaque
431 1219 648 1302 quaerendum
670 1228 719 1288 est
741 1241 824 1303 quae
847 1222 913 1287 sint
932 1228 1041 1305 partes
1065 1240 1146 1305 quas
1168 1223 1242 1307 ipsa
1261 1220 1310 1286 ia-

217 1327 293 1391 bula
308 1335 447 1411 respuat.
469 1330 668 1412 Vbicumque
683 1330 887 1397 inveniuntur
901 1331 1160 1414 interpolationis
1177 1329 1309 1410 indicia,

140 1471 147 1490 ·
218 1436 320 1502 altera
341 1438 442 1503 oritur
463 1439 618 1521 quaestio,
641 1457 741 1521 eaque
764 1458 827 1504 non
850 1440 963 1506 leviter
982 1438 1147 1524 mittenda,
1174 1439 1229 1522 qui
1245 1440 1311 1504 sint

217 1545 287 1610 eius
308 1545 397 1610 fines.
443 1545 539 1611 Porro
564 1566 690 1631 semper
713 1554 744 1612 et
766 1545 885 1630 ubique
908 1554 956 1614 est
988 1547 1205 1631 quaerendum
1227 1566 1310 1630 quae

218 1655 372 1736 cuiusque
404 1657 532 1737 generis
564 1656 660 1721 fuerit
692 1655 834 1722 addendi
864 1655 975 1722 versus
1007 1658 1134 1722 occasio
1170 1655 1312 1740 quidque

218 1763 357 1828 maxime
378 1763 505 1829 efficere
527 1765 663 1829 voluerit
686 1766 903 1850 interpolator.
947 1767 1029 1832 Nam
1051 1766 1196 1831 homines
1218 1773 1310 1832 erant

215 1873 388 1939 histriones
401 1876 525 1956 antiqui
539 1895 641 1958 neque
657 1875 828 1957 quicquam
843 1877 913 1941 sine
931 1895 1030 1942 causa
1041 1875 1185 1942 fecerunt
1199 1892 1310 1957 quarn-

215 1983 263 2048 vis
279 2002 377 2066 saepe
393 1984 513 2066 pusilla
529 1984 731 2067 absurdaque
747 1984 844 2049 fuerit
855 2005 960 2050 causa
1005 1985 1117 2068 Neque
1136 1987 1170 2049 in
1192 1984 1253 2049 hac
1275 2004 1310 2048 re

215 2093 318 2176 magis
341 2093 517 2175 spectanda
532 2099 581 2158 est
594 2093 748 2158 orationis
770 2092 873 2158 forma
895 2113 989 2175 quam
1009 2093 1174 2176 utriusque
1193 2099 1310 2178 poetae

216 2221 306 2266 mens
328 2208 359 2266 et
380 2202 471 2268 ratio.
501 2201 650 2284 Denique
664 2202 697 2265 in
712 2201 831 2268 classes
853 2208 885 2267 et
906 2201 1045 2268 familias
1068 2200 1311 2268 distribuendae

217 2317 290 2376 sunt
300 2311 562 2395 interpolationes
574 2310 716 2392 undique
728 2311 882 2375 collectae
898 2319 933 2376 ut
948 2311 1212 2393 uniuscuiusque
1228 2310 1308 2376 elas·
1402 2319 1403 2371 l

218 2420 264 2484 sis
286 2420 412 2504 siguum
434 2422 483 2486 vel
505 2427 582 2485 nota
604 2421 698 2501 quasi
731 2419 865 2485 obrussa
896 2421 940 2485 sit
961 2419 1003 2484 ad
1026 2439 1121 2502 quam
1143 2425 1309 2503 suspectos

218 2530 305 2596 locos
327 2529 504 2613 exigamus.

316 2638 382 2703 Sed
413 2638 598 2704 huiusmodi
632 2637 934 2722 scriptiurrcularum
957 2637 1127 2719 angustiae
1147 2655 1218 2702 cum
1241 2642 1309 2701 tan·

217 2755 282 2813 tam
305 2747 412 2830 operis
434 2749 548 2813 molem
567 2767 629 2812 non
647 2749 816 2831 recipiunt,
838 2766 922 2811 nunc
944 2745 1072 2811 initium
1092 2752 1216 2812 tautum
1237 2764 1311 2829 pro·
1401 2727 1402 2764 ³

216 2858 293 2941 foro,
316 2877 378 2940 quo
398 2856 571 2923 Alcestidis
594 2863 626 2922 et
647 2856 818 2941 Hippolyti
854 2861 987 2920 conatus
1009 2874 1080 2920 sum
1109 2854 1310 2939 interpolati·

217 2985 293 3030 ones
316 2963 472 3048 indagare
494 2963 626 3029 definire
647 2964 818 3048 explicare.
862 2964 891 3026 A
913 2962 1031 3028 fabulis
1052 2963 1170 3046 prioris
1193 2962 1310 3027 aetatis

217 3094 288 3141 csse
322 3072 510 3140 ordiendum
532 3073 705 3138 arbitratus
739 3092 818 3148 sum,
852 3074 973 3156 quippe
1006 3091 1089 3153 quae
1114 3077 1309 3136 structuram
1400 3119 1401 3132 ,

216 3183 356 3249 habeant
376 3183 422 3248 ita
443 3181 674 3247 translucidum
708 3188 742 3247 ut
775 3182 810 3246 in
837 3183 884 3247 eis
906 3180 1003 3265 paulo
1028 3181 1163 3246 certiore
1186 3179 1307 3244 iudicio

217 3292 426 3376 pronuntiare
441 3291 600 3375 possimus
615 3289 694 3373 quid
715 3297 829 3374 poetae
850 3289 985 3356 consilio
1007 3289 1185 3354 conveniat.
1208 3287 1310 3352 Paulo

217 3402 361 3479 certiore,
395 3399 478 3484 dico,
510 3399 644 3466 iudicio:
678 3421 752 3465 nam
784 3401 882 3465 etiarn
910 3401 944 3465 in
965 3399 1016 3465 his
1039 3397 1156 3464 fabulis
1179 3415 1310 3480 prorsus

219 3511 353 3578 difficile
375 3518 424 3578 est
447 3510 602 3577 iudicium
623 3531 727 3594 neque
757 3511 816 3577 tali
838 3531 907 3576 sum
929 3507 1123 3576 confidentia
1143 3507 1310 3592 praeditus

221 3627 256 3686 ut
278 3639 402 3704 sperem
432 3639 483 3684 me
514 3619 604 3684 nulla
636 3638 719 3701 quae
752 3619 936 3703 suspicione
968 3617 1067 3700 digna
1099 3616 1164 3682 sint
1191 3615 1310 3681 nonin

218 3728 433 3812 suspicionem
453 3747 587 3794 vocasse
609 3745 712 3809 neque
730 3725 827 3791 etiarn
846 3746 896 3791 me
916 3725 1006 3791 nulla
1020 3726 1054 3789 in
1068 3723 1185 3790 falsam
1206 3724 1311 3806 suspi-

218 3838 343 3903 cionem
364 3856 506 3902 voeasse.
529 3835 598 3901 lloc
618 3835 836 3900 tantummodo
859 3834 1011 3919 spondeo,
1034 3853 1085 3898 me
1105 3832 1213 3898 omnia
1227 3851 1311 3915 quae
1398 3847 1399 3858 ¹

218 3945 282 4012 leci
303 3943 466 4011 indefesso
486 3943 633 4009 veritatis
665 3944 773 4010 studio
802 3944 918 4010 fecisse
939 3961 1041 4026 neque
1065 3943 1237 4024 quicquam
1260 3960 1311 4006 me

217 4055 396 4141 protulisse,
420 4055 498 4137 quin
519 4053 589 4137 ipse
611 4053 726 4119 iterum
748 4054 926 4136 iterumque
949 4051 1206 4137 ponderaverim.

317 4163 428 4248 Neque
461 4162 537 4229 dum
569 4161 658 4228 aliud
689 4182 750 4247 ago
784 4162 952 4230 verborum
980 4161 1171 4246 scripturam
1204 4159 1312 4246 negle-
1397 4205 1398 4250 p
