2842 4870
328 1373 604 1444 SENTENTIAE
640 1373 990 1442 CONTROVERSAE.

609 1537 708 1546 ·-—.-.

212 1659 239 1725 1.
276 1658 375 1724 Thuo.
399 1659 458 1724 111.
480 1660 536 1725 65:
565 1660 789 1746 σωφρονισταὶ
811 1649 902 1738 ὄντες
923 1659 981 1746 τῆς
1003 1659 1130 1744 γνώμης
1151 1660 1205 1724 καὶ

113 1767 179 1828 τῶν
200 1761 361 1848 σωμάτων
387 1760 448 1851 τήν
477 1761 576 1832 πόλιν
604 1759 663 1833 οὐκ
692 1759 946 1851 ἄλλοιριοῦντες,
980 1758 1047 1834 ἀλλ’
1085 1767 1118 1846 ἐς
1147 1764 1206 1854 τὴν

114 1874 292 1959 ξυγγένειαν
313 1871 516 1954 οἰκειοῦντες.
553 1879 631 1944 Posi
652 1872 813 1960 σωμάτων
836 1877 1124 1964 interpungendum
1146 1885 1204 1944 est.

114 1985 164 2051 Ita
187 1985 438 2069 intellegendum
460 1993 509 2053 esi
531 1977 775 2073 ἀλλοεριοῦνεες
797 1993 832 2054 ut
859 1990 902 2053 sit
931 1988 1111 2055 alienantes.
1156 1986 1204 2052 cf.

114 2093 191 2159 Sall.
213 2095 282 2179 Ing.
304 2096 355 2178 48,
379 2097 413 2160 1:
435 2096 510 2160 urbs
530 2097 669 2162 marimo
689 2095 837 2162 alienato.
994 2077 996 2085 Α

212 2214 242 2277 2.
279 2212 378 2278 'Phuo
401 2213 438 2278 V.
460 2214 517 2277 22:
552 2211 738 2294 νομίζοντες
759 2205 873 2298 ἥκιστα
895 2205 937 2276 iio
957 2211 1052 2297 σφίσι
1073 2205 1150 2288 τούς
1169 2233 1205 2275 τε

113 2311 288 2404 Ἀργείους,
312 2313 426 2410 ἐπειδή
447 2313 507 2384 οὐκ
528 2310 652 2408 ἤθελον
667 2312 869 2402 Ἀμπελίδοο
891 2319 945 2385 καὶ
958 2320 1067 2401 Λίχοο
1090 2315 1206 2385 ἐλθόν-

113 2454 179 2494 των
199 2429 468 2510 ε’σισσένόεσθαι,
499 2429 689 2512 νομίσαντες
711 2421 830 2506 αὐτούς
856 2419 931 2494 ι’ίνεο
959 2421 1147 2511 Ἀθηναίων
1167 2421 1206 2494 oei

114 2535 240 2615 ὀεινούς
262 2529 344 2604 εἶναι
366 2532 466 2623 (πρὸς
480 2534 538 2622 γὰρ
555 2531 595 2602 iv
610 2532 687 2616 τούς
707 2529 914 2623 Ἀθηναίους,
931 2534 961 2604 εἰ
976 2537 1057 2626 ἐξῆν,
1073 2538 1206 2622 χωρεῖν)

114 2648 167 2713 καὶ
188 2642 246 2733 τὴν
267 2637 368 2732 iiior
384 2641 639 2732 Πελοπόννησον
659 2642 786 2728 μάλιστ’
816 2639 856 2709 iio
886 2641 1061 2735 ἡσυχάζειν.
1104 2648 1206 2714 Resti-

114 2765 182 2824 tuto
202 2758 376 2824 seeundum
391 2757 551 2824 Stahlium
570 2757 682 2822 ordine
703 2758 872 2824 verborum
887 2765 985 2824 restat
1007 2765 1041 2825 ui
1063 2741 1206 2824 deleaiur

114 2865 312 2950 νομίσαντες.
357 2868 473 2934 Cetera
494 2869 576 2934 bene
598 2887 632 2933 se
651 2864 779 2932 habent.

212 2997 240 3060 3.
264 2995 345 3061 Plat.
366 2995 453 3060 Prot.
475 3015 505 3080 p.
521 2995 582 3059 328
605 2993 649 3078 0.,
672 2996 705 3059 in
726 2993 790 3059 fine
816 3014 885 3080 oop.
898 2993 986 3080 XVI,
1008 2995 1205 3062 additamen-

114 3110 181 3169 ium
205 3105 345 3188 ineptum
368 3102 435 3168 νέοι
457 3099 516 3187 γαρ
539 3125 602 3170 non
624 3109 673 3169 esi
695 3105 759 3190 ipsi
781 3100 908 3170 Platoni
930 3105 1143 3172 tribuendum.

213 3230 243 3294 4.
265 3231 397 3295 Aristot.
420 3229 491 3295 Eth.
513 3229 584 3294 Nie.
606 3229 630 3294 I.
655 3229 683 3312 7,
708 3230 778 3295 sub.
800 3228 870 3296 fin.:
907 3231 973 3294 τῶν
994 3220 1101 3314 ιῖρχῶν
1122 3230 1150 3295 δ’
1171 3223 1210 3295 αἳ

115 3337 175 3419 μὲν
196 3336 347 3424 ἐπαγωγῇ
365 3337 584 3420 θεωροῦνται,
607 3330 645 3400 αἳ
663 3335 691 3400 δ’
707 3331 872 3425 αἰσθήσει,
896 3334 934 3402 αἳ
945 3337 973 3402 δ’
989 3337 1117 3424 ἐθισμῷ
1132 3362 1203 3417 τινι,

114 3446 168 3510 καὶ
189 3436 282 3510 ἄλλοι
306 3445 332 3510 ὁ*
354 3445 469 3522 ἄλλως.
514 3446 564 3511 Ita
585 3439 765 3511 Bekkerus.
809 3446 990 3512 Delendum
1012 3454 1061 3513 est
1082 3447 1143 3513 καὶ.

214 3573 242 3636 5.
272 3570 372 3636 Varro
395 3570 432 3635 eie
446 3571 550 3652 poetis
571 3570 650 3635 iibeo
665 3569 699 3634 I:
722 3547 834 3634 deinde
852 3571 895 3636 od
909 3569 1031 3636 Siouios
1050 3592 1083 3635 se
1103 3571 1205 3653 adpli-

114 3681 204 3744 cavit.
249 3679 404 3745 Prisoien.
428 3680 484 3746 IX.
508 3681 557 3759 32,
580 3700 610 3764 p.
623 3679 684 3743 469
707 3679 812 3744 Hertz.
855 3677 927 3742 Non
940 3678 1096 3760 Plautum,
1120 3680 1207 3762 quod

116 3809 187 3854 oum
210 3788 352 3873 Bergkio
374 3789 415 3855 de
435 3789 501 3854 rell.
526 3809 605 3855 eom.
627 3789 691 3854 Art.
707 3793 772 3853 ont.
788 3808 818 3872 p.
838 3787 897 3851 148
919 3793 986 3853 tum
1008 3789 1083 3853 aliis
1103 3790 1206 3854 visum

115 3905 172 3976 est,
196 3898 254 3964 sed
276 3899 414 3964 Ennium
436 3898 516 3964 dieii
537 3896 648 3963 Varro.

26 4049 27 4083 ι
215 4019 242 4080 6.
266 4015 399 4094 Quintil.
421 4016 496 4081 XII.
520 4017 567 4081 11.
590 4017 631 4082 26
653 4036 716 4099 sq.:
741 4068 747 4081 .
772 4067 778 4080 .
801 4066 808 4081 .
830 4067 836 4081 .
861 4066 868 4080 .
891 4020 944 4099 esi,
966 4020 1001 4080 oi
1024 4013 1128 4081 Cicero
1150 4016 1205 4095 aii,

110 4125 278 4208 pulchrum
298 4127 334 4190 ire
354 4126 498 4191 secundis
531 4125 689 4208 tertiisque
719 4127 893 4190 consistere.
934 4124 1040 4206 Neque
1061 4124 1151 4208 enim,
1178 4125 1206 4189 si

115 4235 186 4318 quis
206 4232 340 4299 Aehiiiis
360 4234 495 4317 ρῑονιονι
523 4235 558 4298 ire
579 4233 697 4299 bellicis
717 4235 860 4317 consequi
882 4253 945 4299 σοιν
960 4239 1072 4316 poene,
1097 4233 1207 4300 Aiacis
