2842 4870
657 315 818 404 ια’

4 539 5 560 ³
132 519 165 586 id
184 521 373 594 vocabulum
393 523 475 588 nihil
497 509 793 606 designare'potest
815 519 879 589 nisi
905 523 991 606 quod
1020 530 1165 606 apertum
1187 529 1219 588 et

131 631 331 712 conspicuum
355 641 411 700 est.
453 634 496 698 At
519 653 557 698 eo
579 639 721 717 tempore
744 632 882 698 nondum
911 630 1097 716 prodiderat
1116 631 1217 698 Phae·
1276 677 1278 686 ·

4 793 5 806 ,
130 737 186 804 dra
209 761 348 807 amorem
369 759 470 808 suum.
525 741 678 819 Quamvis
708 742 860 824 langueat
890 741 1057 820 sententia,
1090 761 1218 808 sensum

130 854 233 914 tamen
256 850 391 932 praehet
412 845 559 934 ἔκδημον.
607 851 677 916 Ηοο
699 857 806 916 autem
839 849 1029 916 vocabulum
1061 851 1112 916 vel
1144 848 1218 915 ideo

133 968 311 1039 suspectum
343 967 392 1024 est
425 959 510 1042 quod
540 961 579 1025 37
610 960 780 1044 repetitum
809 966 858 1024 est
880 960 1056 1042 iterumque
1078 959 1217 1042 languet.

131 1060 253 1160 Deinde
276 1053 449 1147 ὠνόμαζεν,
472 1065 558 1147 quod
580 1065 729 1148 equidem
755 1084 814 1149 ego
847 1071 924 1149 puto
958 1066 1217 1149 interpolatorem

129 1173 334 1256 usurpavisse
356 1173 415 1238 hoc
437 1194 553 1239 sensu:
579 1173 678 1254 effecit
697 1179 732 1238 ut
752 1193 862 1240 nemea
888 1175 923 1238 ι’νι
947 1179 1106 1254 posterum
1132 1179 1217 1258 esset,

129 1280 254 1346 videtur
285 1282 365 1347 mihi
397 1283 540 1347 sollertia
559 1280 735 1364 Euripides
760 1279 928 1364 indignum
951 1301 1030 1364 esse,
1053 1287 1218 1365 praestare

127 1396 233 1455 tamen
256 1410 332 1474 prae
354 1391 494 1457 virorum
517 1377 681 1456 doctorum
702 1389 987 1472 emendationibus,
1003 1389 1217 1456 Valckenaeri

4 1562 5 1591 ¹
125 1491 330 1586 ὑμνήσουσιν,
343 1499 506 1584 Musgravi
518 1493 746 1580 ὀνομάσουσιν,
760 1496 901 1573 Meineki
918 1486 1096 1579 ὠνόμαζον.
1119 1498 1218 1563 Porro

128 1609 209 1672 male
238 1609 418 1691 explicatur
450 1609 560 1694 templi
590 1629 704 1674 nomen
724 1600 951 1670 Ἱππολύτειον
974 1626 1031 1690 per
1045 1607 1144 1672 verba
1155 1601 1218 1670 ‘Irr-

4 1759 5 1776 ι
126 1710 259 1801 nostro
285 1715 312 1780 δ’
347 1714 405 1782 ἔπι
430 1754 467 1763 -
491 1711 647 1800 ἱδρῦσθαι
672 1710 771 1798 θεάν,
805 1715 878 1781 ideo
909 1715 1001 1798 peius
1035 1715 1120 1799 quod
1152 1709 1218 1779 θεά

126 1825 199 1909 ipsa
224 1826 331 1892 Venus
364 1834 413 1894 est
445 1846 526 1910 quae
558 1827 706 1909 loquitur.
759 1825 825 1892 Sed
858 1826 955 1890 etiam
988 1824 1039 1892 his
1071 1824 1217 1892 versibus

4 1925 5 1960 ³
127 1941 239 2019 aperte
262 1936 381 2018 spuriis
402 1937 524 2016 eiectis,
540 1957 658 2020 parum
691 1935 892 2019 profecimus,
926 1941 1021 2017 atque
1042 1935 1151 2000 nescio
1175 1956 1217 2002 an

4 2043 5 2110 ³
125 2043 186 2108 hac
219 2064 317 2108 causa
349 2044 472 2110 inducti
504 2044 623 2109 t'uerint
654 2044 800 2128 plerique
836 2043 975 2109 editores
1010 2049 1045 2108 ut
1074 2063 1128 2110 eos
1158 2063 1216 2128 pro

4 2209 5 2246 ἒ
124 2153 274 2235 genuinis
299 2153 461 2220 haherent.
494 2153 575 2218 Mihi
596 2152 745 2219 videntur
766 2153 929 2237 postulare
951 2172 1003 2218 ars
1025 2154 1159 2218 stratio
1181 2159 1217 2218 ut

4 2303 5 2356 i
50 2323 52 2326 .
123 2281 180 2328 eos
202 2263 277 2328 huic
299 2261 427 2328 fabulae
449 2263 669 2329 abiudicemus
685 2271 781 2345 atquc
803 2269 870 2327 tum
884 2260 1010 2328 demum
1025 2281 1215 2344 quaeramus

123 2371 203 2454 quid
225 2371 300 2436 inde
316 2381 537 2456 consequatur.
567 2372 777 2456 Consequitur
792 2369 1024 2436 abiudicandos
1036 2369 1215 2437 esseetiam

4 2487 5 2506 ¹
122 2480 352 2564 praecedentes
373 2484 422 2547 30.
441 2484 496 2565 -31,
522 2482 577 2565 qui
605 2482 703 2548 etiam
725 2482 800 2548 aliis
823 2482 863 2547 de
892 2480 998 2546 causis
1031 2481 1214 2565 suspicione

4 2581 6 2646 ἱ
121 2612 186 2657 non
209 2591 303 2656 liberi
325 2599 406 2657 sunt.
451 2591 534 2658 Nam
556 2592 626 2658 sine
641 2592 848 2675 sequentibus
864 2610 993 2658 sensum
1006 2610 1070 2672 non
1084 2591 1213 2676 plenum

120 2699 278 2784 praebent
310 2702 358 2766 30.
390 2703 440 2765 31.
488 2702 628 2768 Verbum
660 2699 873 2785 ι’νκαθείσαιο
910 2699 1048 2766 conexit
1082 2700 1121 2765 N.
1159 2701 1214 2785 qui

121 2809 257 2893 scripsit
277 2806 449 2874 καθίσατο.
486 2809 551 2876 Sed
572 2810 761 2894 gravissime
783 2808 917 2875 offendit
937 2808 1019 2875 illud
1035 2802 1212 2891 Κύπριδος.

4 2901 5 2910 ¹
119 2919 174 2996 An
187 2926 436 2985 consentaneum
446 2926 494 2985 est
506 2920 598 2986 deam
613 2919 660 2986 ita
681 2919 721 2986 de
737 2940 771 2985 se
792 2919 897 3002 ipsam
909 2928 1070 3001 tamquam
1093 2918 1133 2983 de
1148 2919 1213 2986 alio

120 3026 238 3108 loqui?
280 3028 419 3094 Putasne
441 3028 628 3114 Euripidem
653 3029 688 3094 id
713 3029 871 3096 finxisse?
915 3027 1094 3094 cohaerent
1115 3027 1213 3111 igitur

4 3195 5 3202 ,
119 3134 157 3200 hi
180 3141 328 3218 quattuor
348 3156 459 3204 versus
481 3139 604 3204 30-33
628 3147 723 3221 atque
749 3157 858 3203 omnes
888 3136 992 3204 eidem
1021 3142 1094 3202 sunt
1117 3139 1212 3204 inter·

4 3267 5 3270 ¹
120 3245 262 3329 polatori
296 3245 510 3312 adscribendi.
561 3247 628 3314 Sed
659 3248 811 3330 quidnam
839 3247 1013 3314 iudicaturi
1042 3267 1150 3313 sumus
1172 3245 1212 3313 de

4 3343 6 3402 l
117 3374 150 3418 v.
178 3354 247 3418 29?
296 3355 376 3420 Mihi
413 3355 540 3422 videtur
573 3357 602 3422 is
633 3376 743 3423 versus
789 3356 1046 3441 interpolationis
1086 3355 1212 3420 initium

4 3477 5 3480 ’
119 3485 203 3530 esse.
249 3463 285 3529 Si
308 3465 402 3530 aliter
425 3465 558 3544 iudicas,
584 3485 715 3532 necesse
737 3475 786 3532 est
811 3473 934 3532 statuas
964 3485 1036 3531 eum
1063 3463 1119 3546 qui
1140 3485 1211 3548 pro-

4 3561 6 3664 ξ
115 3573 230 3656 logum
250 3574 434 3639 retractavit
457 3595 568 3641 versus
600 3575 769 3640 nonnullos
795 3575 951 3658 genuinos
979 3571 1154 3640 detrusisse
1177 3578 1213 3638 ut

116 3699 197 3746 suos
219 3683 342 3746 30-33
358 3683 520 3749 intrudere
542 3691 659 3769 posset.
682 3683 747 3750 Sed
767 3684 879 3768 magis,
902 3691 936 3751 ut
947 3683 1083 3762 videtur,
1105 3680 1211 3748 stude-

116 3789 200 3854 bant
222 3790 408 3873 plerumque
429 3792 674 3875 interpolatores
694 3793 823 3879 explere
845 3812 941 3876 quam
963 3791 1105 3859 recidere
1120 3789 1211 3855 iabu-

113 3899 179 3966 las.
202 3901 307 3983 Atque
318 3900 346 3966 si
358 3920 410 3966 res
421 3901 510 3984 ipsas
532 3909 670 3985 spectat,
693 3923 756 3968 non
778 3903 861 3967 bene
876 3902 1025 3968 convenit
1038 3919 1068 3967 v.
1082 3901 1121 3964 29
1140 3919 1210 3966 cum

114 4009 245 4073 25—27
268 4017 300 4074 et
320 4010 362 4073 34
384 4029 452 4093 sqq.
485 4013 540 4093 qui
574 4032 679 4078 rerum
711 4015 916 4095 progressum
945 4009 1025 4076 satis
1056 4006 1209 4075 indicant

114 4117 188 4183 Sed
209 4117 372 4184 inversus
394 4120 434 4182 29
456 4120 559 4184 forma
581 4120 662 4185 nihil
686 4127 736 4186 est
756 4119 953 4187 offensionis.
989 4118 1142 4201 Suspicor
1163 4118 1209 4184 in-

115 4227 350 4311 terpolatorem
383 4228 466 4294 huno
487 4249 613 4296 versum
636 4228 677 4294 ab
698 4229 875 4315 Hippolyto
889 4230 1002 4296 Velato
1032 4232 1209 4296 mutuatum
