2842 4870
666 295 701 348 57

127 477 134 492 '
282 466 334 532 δεῖ
353 467 383 532 d'
405 466 442 548 ἐξ
461 467 584 532 ἐκείνου
606 462 646 556 δή
668 491 699 532 tu
720 469 780 532 τοῦ
803 466 1017 548 ποθουμένου

282 579 427 663 σημεῖον,
451 571 470 666 ἢ
492 571 616 642 πλόκον
628 580 654 650 29
675 575 734 641 τιν’
756 569 932 661 ἢαέπλων
954 565 1026 641 ἄπο

284 685 395 767 λαβεῖν
416 680 560 770 συνάψαι
578 688 607 749 τ’
630 683 664 750 ἑκ
686 682 778 750 donia
798 683 875 768 μίαν
897 679 1005 768 χάρινι
1169 686 1229 749 515

135 833 213 896 quos
237 814 447 898 interpolatos
477 833 548 882 esse
571 813 758 902 plenissime
790 811 869 879 mihi
892 810 1053 898 persuasit
1075 811 1114 876 N.
1139 811 1174 874 Ε.
1197 809 1229 876 S.

21 945 23 950 ·
135 923 177 988 Il.
191 925 233 988 20
248 942 306 1008 sq.‚
334 923 525 1009 Euripideos
556 944 628 990 esse
655 944 758 1008 paene
780 923 943 1009 persuasit
964 921 1014 987 W.
1036 921 1073 986 A.
1098 921 1133 984 E.
1158 920 1228 984 215.

135 1031 220 1099 Num
242 1033 347 1099 looum
365 1034 627 1117 quemvelooum
655 1033 689 1098 in
710 1031 825 1098 Velato
847 1031 1025 1116 Hippolyto
1047 1027 1228 1112 habuerint,

136 1141 218 1206 seire
250 1158 314 1204 non
347 1159 532 1222 possumus:
566 1139 692 1224 opinari
729 1146 853 1206 tantum
872 1139 962 1206 lieet:
984 1141 1018 1205 in
1042 1137 1228 1205 Coronifero

135 1249 258 1316 nullum
290 1247 366 1315 olim
399 1269 454 1316 eos
487 1249 639 1316 habuisse
670 1251 776 1317 looum
805 1250 885 1315 mihi
911 1256 960 1316 est
986 1268 1176 1333 persuasum
1191 1251 1228 1311 ³⁰.

135 1359 374 1425 Demonstravit
395 1359 444 1425 W.
479 1379 541 1442 quo
578 1358 674 1426 modo
707 1359 865 1443 potuisset
899 1358 1110 1443 interpolator
1145 1357 1229 1424 bane

137 1488 286 1535 scaenam
311 1461 540 1534 additamentis
562 1475 707 1534 ornatam
728 1469 764 1534 in
786 1467 931 1534 ordinem
958 1468 1158 1534 tolerabilem
1181 1487 1228 1533 re·

136 1577 261 1663 digere:
290 1597 354 1644 non
387 1578 502 1644 eadem
532 1578 677 1644 sollertia
698 1577 864 1661 praeditus
893 1577 955 1644 fuit
987 1578 1138 1660 antiquus
1167 1577 1228 1642 iste

136 1687 309 1754 ordinator.
339 1687 453 1771 Neque
474 1688 573 1754 etiam
592 1688 626 1753 in
651 1687 713 1753 hao
736 1706 854 1752 scaena
867 1686 949 1752 nihil
963 1707 1004 1752 ex
1026 1685 1157 1769 ingenio
1172 1705 1229 1750 suo

136 1795 263 1863 addidit
284 1796 502 1881 interpolator.
538 1795 668 1863 Idoneis
684 1796 880 1880 argumentis
903 1795 1069 1862 damnavit
1090 1795 1129 1861 N.
1146 1795 1183 1860 Ε.
1196 1795 1230 1860 S.

136 1906 177 1990 Il,
201 1907 324 1970 16-18
346 1925 475 1972 versum
496 1907 572 1971 494:

276 2031 432 2108 τοιαῖσδε,
457 2025 601 2118 σώφρων
621 2031 648 2097 δ’
672 2017 741 2098 odo'
765 2023 931 2114 ἐτύγχανες
951 2024 1041 2117 γονή,

135 2178 239 2241 neque
272 2157 400 2223 omnino
422 2157 634 2243 Euripideum
668 2157 752 2224 h'uno
784 2175 912 2222 versum
944 2154 1063 2222 habere
1093 2173 1230 2237 possum.

104 2303 107 2308 ·
137 2266 202 2334 Sed
223 2275 409 2350 sequentem
430 2286 575 2333 versum:

278 2383 336 2457 oria
352 2381 396 2455 dv
418 2392 494 2455 ποτ’
513 2363 731 2474 εὖνῆς“οὕνεη’
754 2381 871 2473 ἡδονῆς
887 2409 923 2450 τε
946 2387 1005 2474 σῆς

137 2517 307 2585 delendum
337 2538 491 2584 essenon
513 2515 592 2581 mihi
614 2516 775 2600 persuasit
796 2515 846 2598 N„
878 2533 979 2595 neque
1003 2513 1174 2595 quiequam
1197 2510 1231 2576 in

139 2649 177 2694 eo
200 2627 286 2710 quod
308 2627 451 2694 offendat
471 2625 577 2691 video.
620 2625 704 2690 Nam
727 2623 834 2689 verbis
862 2621 1018 2706 speoiosis
1045 2620 1232 2703 eisdemque

137 2736 180 2803 ad
202 2736 341 2804 dedeous
362 2735 601 2821 pellioientibus
634 2741 731 2816 negat
753 2733 862 2798 nutrix
890 2751 961 2796 esse
986 2730 1124 2796 seelesta
1149 2749 1232 2812 quae

138 2853 240 2931 parat,
256 2845 347 2930 quod
368 2845 510 2911 moribus
532 2843 601 2910 eius
626 2843 746 2929 optime
767 2839 924 2908 convenit.
976 2838 1069 2918 Quod
1091 2839 1231 2906 seribere

137 2957 226 3023 iubet
246 2957 310 3022 W.:
531 3021 549 3062 ι

418 3052 535 3140 εἶν’νοος
556 3055 658 3142 οὕνεχ’
685 3054 801 3149 ἡδονῆς
819 3081 854 3142 με
876 3061 935 3148 σῆς

134 3190 215 3255 mihi
237 3189 403 3275 displicet:
426 3190 523 3274 paulo
546 3187 702 3255 audacius
724 3194 823 3272 negat
842 3186 898 3253 ille
927 3176 1022 3276 εὗνὴν
1048 3193 1080 3252 et
1112 3177 1230 3270 ἡδονήν

137 3300 289 3384 ooniungi
312 3319 416 3385 posse.
457 3299 556 3365 Porro
579 3299 656 3363 500:

237 3527 272 3580 aa
288 3526 332 3581 ra
350 3525 491 3582 seramus:
510 3521 594 3596 reyes
611 3526 686 3580 uere
742 3500 746 3510 ’

237 3624 273 3676 30
291 3621 443 3689 Quominus
463 3640 525 3676 eum
542 3623 587 3677 W.
605 3624 657 3678 hos
677 3640 773 3678 versus
791 3621 935 3676 Phaedrae
957 3619 1147 3676 adscribamus
1165 3637 1229 3689 pro·

137 3719 236 3774 hibent
254 3718 360 3772 Dianae
377 3718 463 3772 verba
483 3719 673 3772 mot-1306:

335 3808 432 3887 γνώμη
452 3813 483 3867 δὲ
502 3816 580 3870 νικᾶν
597 3813 646 3881 τὴν
664 3809 773 3884 Κύπριν
790 3818 947 3883 πειρωμένη

336 3912 440 3982 τροφοῦ
460 3907 563 3966 διώλετ’
583 3907 634 3982 οὐχ
648 3911 749 3965 ἑκοῦσα
766 3916 912 3982 μηχαναῖς,
1162 3910 1231 3964 1305

338 4001 354 4073 ἦ
373 4008 414 4077 σῷ
435 4006 470 4060 δι’
489 4001 579 4076 ὅρκων
594 4008 675 4062 παιδὶ
694 4012 821 4079 σημαίνει
840 4002 933 4062 νόσον.

137 4107 267 4174 Apparet
285 4103 439 4158 Phaedram
457 4106 514 4158 non
527 4103 650 4173 potuisse
668 4103 761 4168 verbis
779 4105 882 4174 apertis
896 4103 1038 4158 declarare
1057 4103 1230 4158 voluntatem

138 4201 229 4256 amori
248 4199 426 4270 obsequendi,
446 4201 608 4270 priusquam
626 4199 885 4270 nutrixHippolyto
904 4217 964 4255 rem
981 4199 1131 4271 aperuerit.
