2842 4870
737 291 772 356 λθ

213 475 306 541 Ηιιιιο
327 475 425 558 igitur
439 493 563 540 versum
579 493 642 539 non
656 473 866 557 Euripideum
887 474 1020 539 habebo.
1058 472 1188 539 Ocnicio
1204 472 1300 538 inter-

215 587 389 670 polatorem
411 582 509 649 nimio
530 603 568 648 ac
590 603 739 667 perverso
761 583 867 648 studio
882 583 1022 648 voluisse
1043 582 1204 666 explicare
1219 582 1300 646 illud

213 689 281 782 λερῆ
302 686 473 758 θανόντων
487 712 515 757 v.
528 693 578 776 25,
592 711 654 775 quo
666 691 808 775 epitheto
823 692 949 756 ornavit
963 697 1060 774 pocta
1075 690 1168 756 deum
1184 689 1299 755 ceteris

212 802 315 886 poetis
339 821 402 867 uon
425 783 565 867 notuml.

311 912 413 994 Igitur
434 909 510 975 huic
525 909 613 976 brevi
636 908 765 992 dialogo
780 909 874 975 tinem
877 917 987 993 ‚puto
1002 927 1059 993 per
1081 908 1137 973 hos
1153 904 1301 1024 quattuor

212 1039 323 1087 versus
345 1019 497 1103 imposuit
518 1025 666 1103 poeta:

332 1137 407 1210 'Aa
429 1131 450 1230 ἦ
468 1140 531 1231 μὴν
552 1140 591 1210 ori
613 1144 721 1210 πείσει
741 1145 858 1228 καίπερ
881 1135 972 1228 ωμός
995 1138 1040 1208 ὠν
1061 1134 1153 1229 όιγαν·
1260 1145 1301 1210 ol

431 1257 522 1331 τοῖος
545 1254 689 1340 Φέρητος
711 1246 775 1322 εἶσι
799 1250 884 1338 πρὸς
906 1250 1027 1336 δόμους
1048 1245 1136 1342 ἀνὴρ.

276 1411 295 1426 ,ι
334 1363 391 1427 Θα.
427 1357 521 1428 πόλλ’
544 1357 583 1426 ib
605 1359 646 1428 od
672 1363 765 1444 λέξας
783 1355 876 1428 οὐδὲν
897 1357 936 1427 lb
956 1363 1057 1428 πλέον
1077 1357 1203 1444 λάβοις·
1260 1363 1301 1426 72

396 1533 400 1540 .
430 1465 499 1556 ἡδ’
524 1457 585 1536 οὖν
605 1467 681 1556 γυνὴ
703 1465 846 1536 κάτεισιν
867 1468 914 1548 εἰς
928 1465 1197 1554 Ἅιδουόόμους.

311 1598 416 1681 Atque
437 1600 467 1663 si
482 1599 645 1680 utriusque
665 1598 718 1664 dei
733 1598 874 1664 animum
899 1605 931 1664 et
955 1599 1149 1665 voluntatem
1163 1602 1302 1681 spectas,

166 1719 169 1734 ·
214 1707 332 1788 optime
353 1701 420 1771 rem
444 1705 626 1791 exprimunt
649 1706 683 1772 hi
705 1727 816 1773 versus
839 1706 907 1782 sine
930 1705 1171 1798 additamentis,
1182 1705 1302 1790 optime

214 1835 285 1880 cum
295 1814 560 1897 praecedentibus
577 1815 777 1881 conveniunt.
810 1815 886 1880 Noli
899 1816 1068 1899 neglegere
1080 1814 1303 1898 sugillationes

214 1924 329 2007 quibus
352 1922 453 1990 Orcus
473 1925 634 2008 Apollinis
657 1924 731 1989 odio
752 1924 934 2008 respondet.
968 1923 1113 1990 Observa
1133 1909 1302 1989 vocabulo·

213 2052 282 2098 rum
305 2039 434 2116 argutas
463 2032 647 2098 antitheses.
689 2033 762 2097 Non
784 2034 854 2099 sine
887 2032 1044 2120 emphasi⁸
1061 2034 1176 2114 repetit
1198 2031 1301 2099 Orcus

213 2161 386 2225 pronomen
407 2135 467 2206 od:
490 2141 644 2207 vocabulo
666 2131 744 2224 α’νὴρ
764 2142 935 2225 respondet
957 2136 1032 2230 γυνή
1045 2164 1053 2205 :
1068 2140 1220 2207 uocabulo
1234 2131 1301 2206 εἶσι

213 2249 384 2334 respondet
405 2241 566 2314 κάτεισινι
600 2250 706 2315 verbis
731 2249 874 2334 Φέρητος
905 2245 991 2332 πρὸς
1024 2243 1144 2332 δόμους
1169 2268 1301 2330 respon·
1404 2283 1405 2304 r

213 2359 289 2425 dent
310 2352 358 2434 εἷς
371 2351 489 2423 ‘'Asdoc
512 2352 641 2439 δόμους.

115 2565 178 2626 ou
221 2529 326 2624 ll
352 2515 470 2600 ¹³⁶

179 2633 185 2781 J
312 2650 452 2717 Primum
474 2650 563 2715 chori
585 2652 742 2717 canticum
758 2653 834 2716 77-
842 2653 900 2717 135
933 2651 988 2734 qui
1005 2651 1184 2718 novissime
1217 2651 1301 2716 inter

180 2760 380 2826 choreutas
411 2759 574 2824 distribuit
594 2760 779 2826 Arnoldtius
795 2764 818 2800 ¹⁰
839 2761 917 2826 mibi
940 2760 1066 2826 videtur
1080 2781 1147 2840 rem
1161 2761 1301 2843 plerum·
1402 2827 1403 2846 J

182 2895 185 2931 ι
214 2887 276 2950 que
298 2869 377 2944 bene
399 2868 590 2950 expediisse.
613 2867 729 2934 Bene
721 2890 749 2933 rs
771 2868 1000 2936 demonstravit
1028 2869 1236 2936 choreutasv
1238 2870 1301 2933 ,86

184 2966 301 3061 {aldes
332 2998 380 3052 τις
413 2969 434 3062 ἢ
464 2965 693 3060 υτενανμόν”
673 3001 691 3063 q
730 2982 762 3042 et
797 2997 878 3059 quae
909 2985 1058 3043 secuntur
1084 2977 1192 3043 omnia
1223 2983 1299 3042 ante

185 3114 187 3125 ·
214 3086 324 3151 valvas
346 3085 454 3168 regiae
476 3091 596 3150 stantes
618 3087 779 3150 recitasse.
830 3086 895 3152 Sed
924 3087 1059 3152 extremi
1087 3105 1195 3153 versus
1222 3105 1301 3150 ana-

215 3195 351 3277 paestici
372 3200 476 3259 stante
499 3191 594 3260 choro
616 3213 718 3277 neque
740 3194 814 3260 dum
836 3194 957 3279 dialogi
988 3201 1094 3280 partes
1124 3197 1301 3260 sustinente

215 3303 267 3368 hio
290 3324 352 3370 non
374 3303 492 3369 habent
511 3303 674 3387 proprium
697 3304 809 3369 locum.
859 3304 971 3386 Neque
993 3304 1078 3384 enim
1100 3305 1196 3369 talem
1217 3303 1301 3396 inter
1400 3359 1401 3376 ι

214 3412 349 3496 primam
372 3419 608 3494 extremamque
635 3413 751 3478 cantici
784 3419 890 3497 partes
919 3417 1139 3495 exspectamus
1171 3429 1300 3495 respon-

215 3520 337 3586 sionem
359 3522 485 3604 qualem
507 3521 619 3586 statuit
641 3520 836 3600 Arnoldtius,
866 3521 922 3603 qni
942 3539 1054 3587 versus
1075 3519 1300 3604 anapaesticos

215 3628 391 3694 incedentis
418 3629 513 3694 chori
546 3613 667 3694 77-85
696 3623 851 3714 προῳδόν
884 3630 1035 3714 appellat,
1067 3649 1179 3695 versus
1211 3628 1300 3694 ebori

215 3738 329 3804 stantis
347 3738 509 3803 132-135
527 3731 666 3823 ἐπῳδόν,
687 3757 790 3821 neque
806 3743 881 3823 apte
898 3735 1034 3804 conferri
1051 3744 1185 3823 possunt
1199 3739 1301 3802 132-

659 2513 854 2522 --———.

310 4002 326 4054 9
345 3997 399 4052 Vix
426 4017 522 4053 sanum
548 4005 641 4055 tamen
659 4005 700 4055 est
718 3995 875 4054 θανόντυυι
899 3999 1080 4068 θανουμένων
1097 3977 1142 4051 vel
1161 3989 1299 4067 θνῃσκόν-

213 4113 269 4172 μον
290 4094 485 4150 desideramus.

313 4193 346 4244 10
364 4189 504 4247 Olsmaobe
526 4189 640 4246 ratolt
661 4191 709 4246 des
726 4191 882 4260 Euripidae,
902 4193 953 4244 153
970 4207 1030 4258 sqq.
