2842 4870
711 327 746 380 58

322 488 425 579 αἴσχρ’
448 487 518 560 ἀλλ’
540 489 666 581 σῖμείνιιι
688 499 754 562 τιῦν
775 497 882 562 καλῶν
903 492 972 563 τάδ’
994 496 1064 564 ἐστι’
1084 521 1139 564 σσι
1192 471 1196 478 '

179 631 302 714 optimo
335 630 404 698 iure
439 632 559 699 deleuit
588 633 628 699 N.
650 635 686 699 li.
710 631 742 700 S.
764 614 829 718 VI‚'
845 635 884 700 18
900 655 948 718 sq.
992 635 1104 702 Restat
1119 615 1121 620 ἵ
1136 656 1266 720 corrup·

181 745 231 805 tus
253 740 332 805 507:

320 868 356 938 εἴ
369 897 422 939 τοι
445 875 536 940 δοκεῖ
558 898 620 954 σοι,
644 877 722 965 χρῆν
743 875 802 958 μὲν
824 865 863 941 oi
886 877 915 941 o’
939 871 1137 960 ἁμαρτάνειν

178 1007 346 1074 lenissima
379 1009 506 1076 medela
536 1010 711 1094 eademque
744 1011 868 1078 eifiosoi
902 1011 1075 1079 sanandus.
1127 1013 1274 1096 Propono

179 1115 385 1184 scribendum
900 1108 904 1119 ’

277 1245 314 1318 εἴ
328 1275 381 1317 τοι
401 1249 520 1318 ’δάκει
541 1275 604 1332 σοι,
627 1255 708 1338 χρῆν
728 1251 788 1337 μὲν
808 1239 853 1318 εὖ
876 1255 905 1319 σ’
930 1248 1133 1338 ἁμαρτάνειν.

179 1384 273 1464 Quod
294 1393 464 1470 postquam
485 1387 554 1454 vidi
575 1407 687 1455 verum
710 1409 790 1474 esse,
819 1411 884 1458 non
914 1391 986 1458 sine
1017 1389 1137 1476 gaudio
1171 1389 1271 1456 didioi
1297 1477 1301 1484 ἱ

178 1495 396 1579 Musgravium
428 1490 527 1562 ’δόκει
560 1499 738 1584 scripsisse.
793 1500 859 1566 Sed
894 1521 951 1567 our
979 1500 1038 1567 ille
1064 1520 1144 1584 opus
1169 1501 1274 1566 fauste

178 1602 341 1690 inceptum
372 1627 435 1673 non
468 1606 639 1690 perfecerit
669 1608 725 1674 vix
756 1609 918 1692 intellego.
973 1609 1158 1694 Oxymoron
1192 1607 1274 1674 illud

179 1699 218 1777 τά
241 1711 270 1777 τ’
292 1707 487 1797 ἁμαρτάνειν
508 1716 628 1800 optime
649 1717 819 1785 oohserere
840 1718 983 1784 cumeis
1006 1737 1090 1802 quae
1110 1719 1175 1782 iam
1190 1717 1275 1784 dixit

180 1821 289 1890 nutrix
306 1843 371 1889 non
393 1831 442 1891 est
462 1845 518 1892 our
543 1826 652 1894 multis
675 1827 781 1894 verbis
803 1827 1024 1895 demonstrem.
1067 1829 1105 1894 In
1126 1826 1274 1910 sequenti

180 1950 275 1998 versu
296 1933 370 1998 508:

320 2061 350 2130 εἰ
373 2066 400 2131 δ’
425 2053 491 2170 οὖν,
514 2070 622 2132 πιθοῦ
642 2067 877 2153 μσι·.δευτὲρα
897 2033 956 2153 γάρ
979 2063 999 2154 ἦ
1020 2063 1112 2151 χάρις

180 2199 332 2266 confiteor
352 2221 403 2266 me
425 2201 573 2284 quamvis
596 2202 730 2269 invitum
754 2203 797 2269 ad
818 2203 1047 2270 Wiiamowitni
1078 2203 1272 2270 sententiam

179 2308 345 2392 inclinare,
378 2310 433 2393 qui
466 2319 563 2394 negat
583 2312 714 2377 tolerari
746 2332 842 2396 posse
864 2307 893 2377 εἰ
914 2311 941 2376 δ’
966 2297 1032 2378 οὖν.
1076 2306 1271 2378 Neuesss'riu
1330 2307 1331 2312 ’
1416 2355 1417 2366 ι

181 2416 280 2501 igitur
302 2418 429 2486 videtur
452 2418 532 2484 mihi
555 2418 738 2486 emendatio
763 2411 830 2484 ἀλλ’
853 2406 914 2486 οὖν
925 2425 961 2484 ³1.

625 2606 824 2618 U———n

277 2705 328 2770 De
349 2725 377 2770 u.
400 2705 471 2770 670.
490 2707 565 2772 671:

418 2811 489 2877 τίνα
511 2813 567 2878 νῦν
587 2812 699 2895 τέχναν
722 2810 838 2897 ἔχομεν
860 2809 880 2902 ἢ
902 2809 997 2899 λόγον

418 2922 594 3009 σφαλεῖσαι
616 2916 777 3006 κάθαμμα
798 2917 909 2990 λύσειν
930 2919 1046 3009 λόγους

280 3178 313 3230 31
339 3175 413 3230 Olim
430 3178 563 3246 putabam
582 3195 627 3232 ess
652 3179 764 3233 vooulss
783 3182 879 3232 nostro
902 3179 962 3233 looo
981 3195 1069 3248 paene
1087 3178 1161 3232 idem
1179 3155 1275 3233 velere

179 3277 263 3341 atque
282 3273 354 3328 Pisi.
372 3274 454 3343 Apol.
474 3275 509 3326 34
527 3274 570 3327 D:
601 3278 625 3327 ei
648 3269 682 3341 δή
705 3295 744 3334 τις
766 3272 844 3346 ὑμῶν
867 3269 950 3368 vitup
974 3275 1039 3344 ἔχει,
1065 3271 1113 3326 οὐκ
1135 3271 1199 3334 ἀξιῶ
1216 3273 1274 3345 μὲν

178 3370 232 3441 γὰρ
253 3372 349 3440 ἔγωγε·
369 3374 393 3423 εἰ
411 3370 436 3422 δ’
455 3361 522 3438 otiu·
534 3371 638 3438 ἐπιεικῆ
663 3364 698 3423 άν
721 3391 770 3442 μοι
789 3372 862 3424 δοκῶ
883 3367 953 3439 πρὸς
970 3371 1065 3424 τοῦτον
1083 3373 1180 3440 λέγειν,
1199 3373 1253 3425 κτλ,
1266 3387 1280 3447 :-

180 3467 228 3536 qui
247 3467 323 3520 loeus
341 3467 365 3520 si
386 3471 451 3537 epte
468 3467 650 3530 conferretur,
664 3473 763 3535 ‚noster
775 3469 852 3522 loeus
869 3468 948 3521 iuxta
960 3466 1186 3536 interpretandus
1199 3472 1273 3522 esset

180 3580 212 3632 eo
230 3562 254 3616 si
272 3561 360 3616 fusius
378 3563 494 3617 dixisset
510 3564 620 3618 nutrix:
644 3567 668 3616 εἰ
691 3564 716 3616 ‹i'
739 3555 788 3618 οὖν
809 3562 886 3616 δοκεῖ
908 3579 952 3615 σοι
975 3555 1005 3616 εὖ
1024 3557 1199 3634 ἁμαρτάνειν,
1219 3569 1273 3616 site

178 3657 219 3730 μὴ
237 3659 327 3728 δοκεῖ,
352 3659 405 3714 hoo
423 3663 476 3714 est:
502 3675 559 3714 eum
576 3675 653 3727 ααασ
671 3659 809 3713 initiamus
827 3657 1031 3721 dubitationem,
1051 3659 1131 3713 uliud
1150 3676 1273 3730 spamus.

179 3758 273 3826 Atque
293 3756 361 3811 hseo
379 3758 465 3811 verbs
483 3757 524 3811 ite
542 3757 727 3826 interpretata
746 3773 809 3811 oum
826 3755 943 3810 nutricis
960 3773 1026 3810 vero
1047 3757 1162 3811 oonsilio
1174 3773 1274 3812 eonve-

179 3853 240 3907 nire
259 3870 315 3906 non
330 3854 453 3924 negabis.
490 3853 657 3922 Exemplum
675 3857 769 3907 tsnren
791 3852 866 3921 quod
889 3851 973 3907 attuli
990 3869 1047 3906 non
1069 3855 1136 3908 satis
1160 3853 1273 3908 demon·

180 3952 252 4004 strat
270 3949 389 4005 Graecos
408 3951 556 4020 scriptores
585 3967 646 4005 eom
673 3949 823 4004 formulam
849 3950 901 4003 tali
928 3949 1060 4005 libertate
1086 3951 1274 4021 usurpavisse,

180 4064 277 4116 neque,
295 4046 370 4116 quod
388 4047 483 4116 seium,
500 4050 593 4117 potest
614 4047 644 4100 id
673 4047 727 4100 nisi
754 4065 789 4100 ex
814 4050 910 4100 nostro
935 4045 996 4101 loco
1028 4048 1163 4103 concludi.
1211 4047 1274 4116 Qua

180 4127 354 4200 conclusione
372 4146 463 4200 minus
484 4144 554 4199 mihi
576 4144 688 4202 videtur
715 4145 883 4202 artaxerse
909 4138 1000 4201 isoilis
1027 4161 1111 4214 quem
1137 4146 1272 4216 proposui

180 4242 308 4298 mutatio.
