2842 4870
696 327 731 393 tt

169 526 220 573 res
232 507 265 572 in
281 527 437 592 congruas
450 510 623 576 coniunxit.
646 512 807 595 Deinoeps
822 515 929 576 antem
945 529 1067 588 summo
1079 510 1150 576 iure
1160 529 1259 594 qnae·

168 617 249 682 ritur
268 637 346 682 num
369 619 467 683 alium
489 619 652 684 moliorem
674 618 892 701 ooniungendi
917 619 1045 694 modum
1073 622 1260 703 excogitare
1284 631 1287 636 '

167 728 316 806 potuerit.
360 726 490 792 Godofr.
513 728 723 811 Burmannus,
757 730 813 810 qui
840 747 904 793 non
934 729 1081 794 omnibus
1109 729 1259 812 partibus

168 834 362 900 laudandam
379 853 449 902 esse
465 835 606 902 tabulam
621 836 755 915 oensuit',
777 834 838 901 hoo
853 837 967 902 saltem
981 837 1015 901 16
1031 836 1259 902 dissertatione

168 944 225 1009 illa
247 943 287 1011 do
309 941 475 1027 Euripidis
497 945 660 1012 Aleestide
682 946 820 1029 negavit
862 945 967 1028 Atque
992 943 1148 1011 indieium
1170 945 1259 1029 quod

168 1051 208 1118 de
236 1073 270 1118 re
299 1073 421 1118 summu
448 1053 649 1120 Hermannus
678 1054 898 1138 pronuntiavit
926 1055 1022 1120 etiam
1044 1054 1205 1120 stabilitur
1226 1055 1259 1119 si

168 1163 341 1228 minutiora
363 1169 552 1246 speotumus.

266 1270 474 1338 Diffionltatis
503 1271 543 1337 de
570 1290 634 1355 qua
663 1272 825 1354 loquimur
857 1270 965 1337 sardo·
986 1273 1020 1336 in
1051 1279 1159 1340 nostro
1185 1273 1258 1339 looo

169 1381 292 1464 positus
315 1385 371 1445 661.
415 1379 515 1460 Quem
537 1382 646 1446 looum
670 1383 699 1446 61
727 1399 960 1464 percenseamus,
994 1401 1125 1448 6666666
1153 1383 1260 1448 estin

169 1507 197 1553 v.
220 1489 298 1552 521:
836 1493 840 1502 '

338 1591 426 1660 ἔστιν
446 1618 482 1660 τε
504 1587 627 1662 κούκέτ’
652 1591 749 1674 ἔστιν,
771 1589 898 1682 ἀλγύνει
919 1597 956 1664 δέ
978 1621 1019 1680 με

168 1723 263 1787 quem
283 1723 410 1770 versum
434 1705 629 1787 vituperavit
644 1705 1105 1792 Bakhuyze'niusspaullulnm
1126 1707 1261 1773 haerea-

168 1833 248 1879 mus.
290 1813 394 1879 Huius
427 1833 538 1878 versus
570 1833 633 1879 non
665 1820 770 1898 potest
802 1835 873 1882 6666
904 1837 983 1882 vera
1013 1837 1052 1882 ea
1083 1817 1260 1899 explieatio

168 1942 263 2004 quam
292 1921 347 1987 dat
369 1921 524 1987 Admetus
546 1923 580 1988 16
609 1925 840 2004 sequentibus:v
861 1925 976 1991 laisum
1001 1931 1050 1990 661
1070 1923 1157 2007 quod
1177 1925 1262 1989 dicit

169 2031 233 2095 ille.
276 2031 382 2096 Etiam
403 2032 432 2096 61
453 2051 510 2095 666
532 2049 560 2095 v.
583 2031 658 2094 533:

317 2130 460 2222 ὄθνεῖος,
481 2127 586 2214 ἄλλως
608 2139 635 2203 δ’
660 2124 696 2224 ἦν
717 2135 871 2223 οἰναγκαία
893 2133 1007 2222 δόμοις

169 2249 215 2312 116
226 2247 411 2331 intellegere
423 2267 590 2331 possemus
602 2253 637 2313 61
655 2249 813 2313 intellexit
825 2249 990 2333 Heroules,
1014 2255 1110 2332 atque
1126 2248 1260 2315 eredere

170 2353 339 2422 Admetum
359 2357 417 2421 1611
431 2356 472 2422 de
493 2375 591 2422 eausa
605 2357 669 2421 iam
684 2358 717 2422 in
733 2359 819 2422 lnotu
837 2377 918 2437 esso,
942 2351 1029 2440 quod
1041 2363 1075 2423 ut
1090 2359 1259 2423 eradamus

169 2466 266 2530 nullis
279 2466 311 2529 16
322 2463 432 2529 fabula
447 2463 577 2530 indioiis
599 2465 792 2548 inducimur,
813 2465 915 2532 nihilo
927 2471 1033 2531 tamen
1048 2468 1120 2550 plus
1132 2473 1259 2532 consta-

169 2580 216 2638 ret
238 2574 326 2639 illius
347 2593 459 2638 versus
481 2575 608 2639 veritas.
640 2573 768 2640 Mortua
785 2582 833 2641 661
843 2575 991 2664 Α1666116,
1006 2596 1070 2640 non
1085 2577 1149 2641 iam
1163 2576 1261 2640 mori-

169 2689 249 2748 tura.
272 2681 472 2748 Doonmenta
493 2684 521 2748 si
543 2683 683 2765 quaeris,
705 2685 739 2747 in
760 2683 811 2749 his
833 2683 979 2750 versibus
1005 2683 1165 2751 iuvenies:
1187 2685 1260 2751 391.

169 2792 239 2856 392.
262 2791 436 2856 393-399.
463 2791 525 2855 404
548 2810 593 2873 sq.
616 2793 790 2857 422—427.
813 2794 873 2856 551
898 2811 945 2875 66.
977 2794 1050 2858 561.
1081 2793 1259 2868 sss-600.

169 2900 240 2981 822,
261 2900 318 2981 qni
336 2917 448 2964 omues
469 2897 692 2964 absurdissimi
715 2905 822 2965 essent
843 2901 906 2965 nisi
927 2902 992 2966 iam
1013 2906 1088 2967 ante
1109 2901 1260 2967 Herculis

170 3006 341 3072 adventum
363 3013 488 3072 mortua
514 3012 599 3072 esset
621 3008 767 3072 Aleestis.
811 3009 873 3074 Res
895 3015 945 3074 ost
967 3007 1138 3076 admodum
1160 3010 1261 3093 61666

170 3135 257 3200 6666,
287 3116 344 3182 sed
367 3135 460 3200 spero
486 3122 592 3181 tamen
622 3116 701 3180 mihi
728 3119 854 3182 veniam
880 3118 989 3184 datum
1009 3119 1050 3183 iri
1071 3123 1261 3202 argumenta

170 3223 353 3308 proferenti,
386 3225 544 3309 siquidem
567 3225 816 3310 Bakhuyzenius
850 3226 901 3294 his
932 3227 1039 3296 verbis
1066 3228 1114 3293 uti
1139 3227 1260 3310 potuit:

169 3333 321 3399 ,4611661116
342 3385 348 3399 .
372 3383 379 3398 .
404 3387 409 3398 .
434 3336 560 3402 disserit
592 3336 629 3400 de
659 3347 756 3400 auore
788 3357 861 3401 mou
894 3338 1060 3402 moritura:
1095 3357 1167 3402 nam
1194 3337 1260 3400 6161

170 3443 318 3509 omnibus
340 3443 593 3510 dubitationibus
605 3447 700 3528 plane
715 3446 844 3511 remotis
867 3446 1262 3529 parvioritpretiinostra

172 3552 356 3635 disputatio.
400 3551 515 3618 Falsus
539 3554 636 3635 igitur
659 3560 708 3620 661
729 3554 785 3620 1116
809 3573 921 3620 versus
943 3555 1019 3619 521:
1167 3537 1169 3544 ¹

346 3655 435 3725 ἔστιν
456 3683 491 3724 aa
511 3651 634 3724 κούκέτ’
661 3658 767 3745 ἔστιν’,
789 3654 917 3746 ἀλγύνει
939 3659 976 3726 δέ
996 3683 1037 3744 με

171 3773 308 3835 6116166
330 3769 438 3836 falsos.
482 3771 564 3836 Nam
585 3772 641 3835 vix
660 3773 832 3856 aooeperis,
855 3779 942 3858 puto,
956 3771 1075 3838 Beneri
1089 3767 1261 3834 Monaesu-

170 3878 215 3942 sis
237 3880 494 3962 explicationem,
521 3879 611 3945 66166
637 3880 737 3944 rerba
762 3880 842 3945 haee
862 3885 950 3946 sont:
972 3880 1094 3962 6616166
1113 3879 1159 3942 sie
1181 3875 1262 3940 66611

169 3984 255 4050 alulit
274 3985 413 4051 1166161161
431 3987 501 4050 lu„
524 3987 585 4052 His
607 3987 755 4069 equidem
777 4007 837 4070 ego
864 3988 1044 4071 praeferam
1068 3986 1172 4070 ipsius
1193 3982 1260 4048 Ad-

170 4096 247 4161 meti
270 4096 516 4180 explicationem
538 4102 634 4177 atque
650 4095 765 4177 dioam,
788 4115 860 4162 enm
876 4097 972 4179 plane
992 4095 1158 4160 mentitum
1178 4112 1262 4158 esse.

170 4202 212 4267 nt
232 4224 263 4269 u.
286 4205 345 4267 531
369 4223 454 4285 sqq.:
1135 4221 1138 4226 ’
