2842 4870
660 377 691 440 ts

131 555 245 624 melius
267 563 335 623 erat
349 518 539 625 'indefinitus
561 593 600 604 -
623 564 719 642 atquc
739 565 808 626 crte
829 556 979 628 cohaeret
1000 556 1153 628 iudicium
1175 558 1215 628 de
1302 623 1305 626 .

132 667 179 732 eis
201 687 272 733 cum
295 668 482 750 quaestione
505 665 546 734 de
566 689 595 734 v.
621 667 674 738 74:

227 806 344 889 στείχω
366 806 393 872 d’
416 806 469 872 ἐνί
491 798 601 894 αὐτήν,
620 804 664 884 ὥς
685 800 898 890 κατάρξωμαι·
916 807 1004 895 ξίφει

131 967 323 1032 quamquam
356 949 481 1016 conicio
512 949 595 1015 hunc
626 969 690 1015 ncn
720 950 761 1016 ab
794 949 905 1015 eadem
933 933 1034 1016 'mauu
1061 952 1215 1036 scriptum

129 1055 230 1124 fuisse
251 1065 348 1141 atquc
370 1058 417 1124 75.
440 1059 488 1122 76.
521 1057 644 1141 Melius,
668 1057 749 1142 dico,
772 1065 840 1124 erat
862 1079 974 1125 sensus
996 1046 1026 1127 ν.
1043 1060 1082 1125 74
1104 1059 1216 1128 indefi-

96 1206 99 1214 ·
129 1168 225 1233 nitus.
257 1167 349 1234 Hunc
371 1186 496 1234 versum
517 1167 545 1233 si
566 1174 686 1260 attente
716 1173 900 1251 scrutamur,
923 1170 1144 1253 quaestionem
1165 1169 1214 1236 vi-

130 1279 198 1342 tare
219 1296 283 1341 non
302 1295 469 1360 possumus
491 1275 576 1359 quod
606 1276 744 1342 voluerit
765 1275 938 1360 Euripides
966 1278 1000 1343 in
1023 1277 1084 1343 hcc
1106 1278 1216 1346 fabula

131 1382 206 1450 Orci
228 1404 299 1452 esse
322 1385 468 1451 officium.
498 1386 536 1450 In
552 1405 615 1469 quc
630 1405 707 1452 sanc
729 1387 883 1451 nonnulla
901 1388 1042 1477 ncvcvit,
1062 1387 1217 1454 nonnulla

131 1494 177 1557 itc
199 1492 356 1578 disposuit
388 1501 422 1560 ut
454 1494 537 1560 inter
568 1514 604 1560 se
636 1501 825 1578 repugnent:
852 1494 910 1560 sed
931 1495 1010 1561 teliu
1032 1503 1106 1562 sunt
1132 1503 1217 1564 certe

131 1602 308 1687 suspicioni
330 1603 473 1669 obnoxia·
500 1603 564 1668 uisi
597 1603 626 1669 si
661 1623 725 1686 quc
751 1603 794 1668 ad
819 1602 924 1688 ipsum
945 1603 1087 1670 fabulam
1108 1625 1217 1673 neces·

131 1712 218 1776 saria
238 1718 319 1777 suut.
362 1710 433 1790 Quo
465 1711 560 1777 modo
594 1717 700 1778 autern
736 1712 921 1795 intellegere
954 1701 1107 1779 debemus
1137 1713 1219 1779 illud

130 1814 359 1903 mspgcpart
406 1821 484 1886 Rem
506 1822 562 1887 vix
583 1822 677 1888 aliter
698 1820 872 1904 imaginari
893 1840 1072 1905 possumus,
1094 1824 1158 1888 nisi
1183 1829 1218 1888 ut

131 1929 235 2012 Orcus
254 1935 309 1994 sut
339 1929 539 2014 iuguleturus
561 1929 714 1996 Alcestim
735 1935 790 1995 sut
810 1930 929 1994 crinem
952 1931 1020 1996 eius
1053 1937 1217 1997 secaturus

130 2038 235 2104 fuerit.
278 2037 343 2104 Sed
373 2038 429 2121 qui
463 2039 652 2104 conveniunt
671 2038 752 2103 hacc
775 2058 845 2103 curn
867 2039 914 2104 cis
937 2057 1020 2122 quse
1044 2039 1216 2106 secuntur?

131 2148 264 2213 Moritur
286 2148 423 2214 Alcestis
447 2149 480 2213 in
502 2167 626 2224 scaena,
651 2147 758 2213 omnic
779 2154 853 2212 sunt
875 2155 994 2232 aperta,
1017 2148 1073 2214 sed
1096 2149 1217 2214 nullum

130 2256 260 2335 verbum
282 2256 322 2322 de
346 2257 405 2322 tali
426 2255 502 2322 Orci
524 2256 639 2322 cilicio.
682 2256 719 2322 In
739 2256 886 2322 versibus
907 2264 1013 2323 autem
1034 2258 1096 2322 259
1108 2275 1177 2340 sqq.

228 2377 297 2474 ,άμει
318 2388 351 2471 μ’
374 2378 443 2474 dyst
463 2389 504 2472 με’
524 2413 582 2470 τις,
606 2380 668 2470 ccix
690 2383 784 2478 ὁρᾷς;
806 2385 926 2454 νεκύων
947 2388 980 2466 ἐς
1001 2381 1101 2454 αάλάν

229 2491 289 2562 ὑπ’
311 2488 431 2584 άφράσι
452 2496 639 2581 κναναυγέσι
658 2495 791 2578 βλέπων
815 2494 984 2582 πτερωτὸς
998 2493 1115 2576 Ἅιδας

130 2629 227 2708 poeta
247 2623 334 2691 idem
355 2624 508 2691 describit
528 2624 613 2708 qnod
636 2645 665 2690 v.
688 2626 727 2687 25

563 2741 602 2824 ὃς
617 2771 665 2812 νιν
686 2743 733 2824 εἰς
747 2741 865 2812 ‘'Ardoc
887 2741 1008 2831 δόμους

228 2857 337 2939 μέλλει
360 2850 507 2937 κατάξειν
576 2939 577 2944 ¹

130 2999 295 3066 indicavit.
315 3000 418 3065 Deum
440 2999 496 3082 qui
516 3019 551 3065 sc
565 2999 630 3064 iam
651 2999 845 3083 reliquorum
867 2997 1139 3078 oculissubduxit
1162 3001 1217 3082 qui

129 3115 236 3174 tamen
259 3109 354 3192 paulo
370 3115 467 3175 antea
489 3107 721 3192 spectatoribus
737 3113 939 3191 apparuerat,
960 3106 1050 3172 videt
1064 3097 1217 3173 meritura
1300 3131 1302 3136 ·

129 3217 268 3284 Alcestis
291 3226 386 3301 atque
408 3217 566 3300 intellegit
588 3215 666 3299 quid
688 3215 822 3301 periculi
837 3216 893 3282 ille
908 3217 1054 3282 mineturss
1090 3215 1216 3283 Deinde

129 3324 272 3391 crinibus
294 3325 446 3392 secandis.
466 3327 494 3393 si
517 3326 622 3393 officio
644 3345 701 3391 suo
721 3327 811 3410 fungi
835 3325 991 3410 potuisset
1005 3323 1118 3402 Orcus,
1140 3345 1217 3408 quo·

129 3454 206 3500 nam
226 3433 321 3500 rncdc
343 3434 499 3519 potuisset
519 3434 672 3500 Hercules
695 3434 848 3500 Alcestim
871 3433 1032 3499 advitam
1055 3433 1216 3518 reducere,

130 3541 165 3609 id
186 3543 356 3625 quodiam
377 3549 486 3609 nostro
507 3543 578 3609 loeo
598 3542 764 3612 minitatur
785 3542 924 3627 Apollo?
966 3541 1059 3608 Certe
1085 3561 1149 3614 non
1182 3563 1219 3609 eo

129 3649 225 3717 modo
247 3670 309 3733 quc
331 3657 444 3736 postea
467 3651 604 3735 reduxit,
625 3658 660 3717 ut
682 3653 753 3735 ipse
772 3658 880 3716 narret
904 3650 984 3716 1140

181 3773 192 3791 '
310 3769 413 3862 μάχην
435 3770 583 3862 συνάψας
604 3770 767 3860 δαιμόνων
787 3778 834 3861 τῷ
855 3759 1011 3860 κοιράνμ

128 3902 274 3968 et1142:
314 3893 438 3984 τύμβον
458 3904 536 3984 παρ’
557 3891 655 3966 αάτόν
675 3899 710 3966 ἐκ
730 3893 826 3980 λόχου
846 3893 981 3983 μάρψας
1002 3895 1119 3986 χεροῖνζ

229 4045 292 4112 Res
316 4044 403 4112 baec
431 4051 497 4111 est:
530 4045 565 4109 in
593 4044 697 4130 prima
726 4042 833 4109 media
862 4051 1004 4110 extrema
1024 4042 1134 4109 fabula
1155 4040 1217 4108 boc

128 4155 233 4220 voluit
243 4159 340 4239 poeta
354 4152 430 4221 Orci
445 4173 515 4221 csse
528 4153 676 4237 officium,
690 4152 843 4219 Alcestim
865 4153 924 4218 sub
946 4158 1064 4218 terram
1086 4149 1217 4216 ducere:

129 4263 165 4329 in
187 4263 248 4328 hcc
270 4247 450 4330 uno‘vcrsu
472 4263 598 4329 videtur·
621 4261 656 4328 id
672 4262 821 4328 *officium
852 4279 979 4347 prorsus
1013 4257 1114 4325 aliud
1136 4245 1215 4324 csse‘·
