2842 4870
733 322 767 375 14

202 491 380 558 sententia:
411 511 486 558 uam
518 511 650 560 necesse
671 501 721 560 est
752 499 920 578 utrumque
938 479 980 558 nd
1001 493 1044 560 ad
1064 493 1176 560 eadem
1198 495 1301 561 verba

204 590 266 665 oda
291 591 408 685 ἤρκεσέ
429 623 483 666 σοι
505 623 574 686 sqq.
596 602 781 680 referamus,
805 604 942 688 ideoque
964 604 1070 688 ipsum
1092 603 1178 670 istud
1200 605 1299 671 inter-

202 708 338 793 rogandi
360 709 487 793 siguum
510 729 766 794 supervacaneos
798 731 869 777 esse
900 729 1011 777 versus
1044 718 1208 794 suspectos
1242 711 1296 777 de·

201 825 364 886 monstrat.
422 817 651 884 Conicieudnm
688 826 746 901 est,
777 826 864 903 puto,
899 811 1160 904 interpolatorem
1193 819 1298 904 magis

203 927 308 995 forma
329 926 552 1013 praecedentis
580 928 741 994 enuntiati·
767 935 914 1013 spectata
937 947 1034 1013 qnam
1055 929 1214 995 sententia
1235 948 1300 994 non

203 1038 357 1103 tolerasse
373 1036 654 1121 interrogationem
677 1055 830 1122 responso
852 1044 1032 1104 carentem:
1055 1037 1296 1121 uniusquidem

203 1147 343 1211 rationes
368 1165 449 1211 novo
472 1145 640 1212 stabiliunt
661 1146 809 1230 exemplo
822 1154 915 1213 vetus
931 1146 1011 1214 illud
1034 1145 1169 1214 dictum:
1191 1140 1232 1209 τὰ
1249 1140 1297 1230 μὴ

202 1248 293 1337 παρὰ
314 1248 373 1342 τὴν
393 1248 521 1318 τούτων
541 1254 692 1338 γινόμενα
711 1248 935 1343 παρατήρησιν
964 1249 1094 1332 καὶτὰς
1114 1257 1180 1322 τῶν
1201 1277 1300 1340 ποιη-

201 1369 268 1430 τῶν
296 1358 416 1447 ἅρετᾰς
447 1365 660 1448 καταρρίπτει
680 1365 735 1432 καὶ
755 1360 813 1443 τὰς
833 1362 916 1448 ἕξεις
935 1356 1300 1464 τῶνιᾶναγινωακὸντων

202 1468 456 1558 καταγελάστους
478 1472 654 1559 παρίστησι
664 1479 685 1542 ⁶.
722 1477 761 1541 ln
785 1496 815 1542 v.
835 1477 876 1541 30
905 1496 1002 1542 uuum
1031 1476 1116 1542 inest
1148 1475 1234 1560 quod
1261 1484 1298 1542 nt

202 1591 422 1668 exspectemus
456 1604 559 1668 paene
591 1584 690 1650 efficit
712 1586 907 1651 consuetudo
925 1592 1049 1671 poetae,
1077 1605 1193 1651 nomen
1221 1583 1295 1650 dico

202 1691 334 1759 Phoebi.
378 1692 420 1757 At
441 1693 547 1758 sciunt
559 1693 625 1757 iam
641 1691 759 1781 dudum
777 1700 973 1776 spectatores
995 1693 1074 1777 quid
1094 1693 1137 1759 sit
1152 1691 1296 1780 Apollini

201 1822 326 1868 nornen.
382 1799 493 1869 Restat
514 1812 551 1868 ut
570 1802 720 1869 adnotem
746 1803 780 1868 in
802 1802 865 1868 fine
888 1805 928 1869 37
949 1802 1169 1888 interrogandi
1202 1801 1297 1886 signo

201 1913 491 1998 interpungendum
511 1932 600 1978 esse:
628 1919 754 1979 constat
775 1918 843 1977 tota
865 1913 1064 1979 oratiuncula
1091 1933 1132 1978 ex
1161 1913 1294 1978 interro-

201 2022 385 2104 gationibus
408 2042 490 2104 quae
514 2020 635 2104 pariter
657 2039 765 2085 omnes
786 2040 941 2106 responso
963 2029 1079 2087 carent.

300 2365 449 2432 Graviter
468 2366 633 2432 offendunt
656 2368 705 2432 58.
728 2366 788 2432 59:

295 2503 375 2564 ΛΠ.
401 2501 474 2576 πῶς
495 2491 610 2578 εἶταςς
632 2491 700 2564 ἀλλ’
723 2485 743 2588 ἦ
765 2499 818 2564 καὶ
840 2494 1108 2586 oppositiones
1131 2487 1175 2562 ὦν
1187 2522 1198 2576 ,·

291 2609 370 2698 ΘΑ,
402 2598 529 2673 ὤναῖντ’
550 2599 590 2672 dv
612 2597 665 2686 οἷς
687 2604 824 2694 πάρεστι
846 2602 1000 2694 γηραιούς
1021 2611 1146 2674 θανεῖν.

201 2742 256 2825 qui
277 2763 389 2809 versus
411 2743 493 2808 nihil
515 2744 678 2824 proferunt
700 2743 763 2811 nisi
786 2743 1033 2828 explicationem
1056 2762 1167 2809 versus
1189 2743 1246 2806 57:

301 2879 359 2943 Θα.
394 2873 481 2960 πρὸς
501 2880 567 2942 τῶν
592 2873 739 2963 ἐχόντων,
757 2881 866 2960 Φοῖβε,
889 2873 948 2943 τὸν
968 2871 1070 2958 νόμον
1090 2879 1210 2953 τιθεῖς.

299 3011 363 3077 Sed
374 3011 468 3077 huius
482 3031 593 3077 versus
605 3014 685 3078 satis
700 3011 799 3077 lucidi
812 3031 915 3095 neque
926 3011 1138 3078 Athenienses
1149 3010 1295 3094 explica·

201 3119 320 3186 tionem
332 3120 543 3188 desideraturi
561 3128 652 3186 erant
663 3141 766 3204 neque
782 3120 967 3206 lluripidem
983 3120 1063 3186 mihi
1080 3119 1235 3186 credibile
1248 3125 1298 3184 est

202 3227 340 3296 dedisse.
364 3229 497 3295 Miratus
512 3250 582 3295 snm
594 3230 628 3294 in
645 3230 706 3296 hac
718 3230 925 3296 altercatione
938 3229 1071 3295 deorum
1090 3228 1146 3312 qui
1163 3247 1199 3293 se
1213 3227 1298 3300 invi·

207 3357 275 3402 cem
288 3336 423 3403 oderunt
437 3345 469 3405 et
483 3345 696 3421 aspernantur
709 3339 884 3406 sententias
900 3339 973 3404 illas
988 3345 1053 3404 tam
1076 3355 1204 3420 pressas
1217 3343 1299 3400 tam·

204 3465 265 3528 que
280 3466 432 3512 nervosas
447 3447 563 3530 quibus
583 3447 624 3511 ab
644 3447 709 3512 alio
723 3446 765 3510 ad
784 3446 871 3512 aliud
892 3447 1046 3513 festinant
1064 3452 1297 3529 argumentum,

202 3554 260 3620 sed
283 3555 316 3620 in
338 3555 390 3622 his
413 3556 535 3622 duobus
550 3556 696 3622 versibus
711 3555 820 3622 omnia
841 3556 992 3640 languere
1008 3554 1222 3622 confitendum
1236 3561 1296 3619 est.

300 3844 316 3895 5
335 3841 418 3896 Dion.
441 3841 508 3896 Thr.
527 3843 552 3897 2.
571 3843 727 3897 Histriones
746 3842 887 3900 interdum
905 3857 1031 3914 peccasse
1049 3841 1080 3894 in
1096 3839 1215 3894 lectione
1234 3854 1296 3892 rer-

200 3939 291 4010 baque
315 3944 414 4009 poetae
434 3957 563 4009 perverse
581 3940 750 3995 intellexisse
773 3959 830 3995 non
848 3941 950 3996 mirum
970 3942 1020 3992 est.
1063 3938 1156 4004 Atque
1180 3935 1203 3988 si
1223 3934 1294 3988 anti-

201 4055 256 4105 qua
273 4037 434 4091 testimonia
449 4037 577 4105 requiris,
595 4053 627 4091 ea
651 4037 761 4108 collegit
780 4037 986 4092 lleimsoethius
1005 4035 1040 4090 ad
1059 4033 1145 4088 alium
1166 4048 1247 4085 usum
1267 4029 1297 4083 in

201 4135 429 4189 commentariolo
448 4133 483 4188 de
500 4151 567 4189 voce
586 4130 737 4206 ὑποκριτής.
764 4135 835 4189 Vide
853 4135 876 4188 si
895 4134 988 4203 placet
1006 4131 1091 4186 schol.
1110 4128 1146 4183 ad
1164 4125 1239 4181 Med.
1257 4127 1293 4180 85
1403 4165 1404 4174 .

202 4237 230 4286 et
248 4231 283 4286 ol.
304 4231 390 4286 schol.
408 4231 443 4285 ad
461 4230 534 4284 And.
553 4232 577 4284 6.
