2842 4870
728 243 744 294 Β
868 304 870 314 r

190 410 270 478 tiae:
300 431 405 494 neque
440 413 568 479 omnino
599 412 728 497 iniuria,
761 433 834 478 nam
865 412 1050 496 plerumque
1079 412 1149 478 sine
1171 412 1225 477 via
1251 419 1283 478 et

191 527 259 588 arte
291 526 424 606 egerunt
455 521 559 606 magis
592 523 681 587 casui
714 522 783 588 sive
808 522 895 588 felici
918 522 987 588 sive
1021 520 1145 588 infelici
1164 523 1281 588 obtem·

190 636 339 716 perantes
363 650 459 713 quam
480 631 555 698 ullis
576 632 675 698 'certis
698 632 885 698 rationibus.
930 632 995 699 Sed
1022 652 1087 716 qua
1107 632 1163 698 via
1191 630 1281 697 inda·
1402 629 1403 638 ’

189 739 314 822 gandae
336 758 408 806 esse
430 739 693 824 interpolationes
727 749 836 825 putem
868 747 1044 833 antequam
1072 741 1187 825 dicam,
1207 746 1283 806 nota
1402 745 1403 750 ’

191 848 343 914 nonnulla
363 849 503 914 breviter
525 851 667 934 praefari
687 850 775 916 libet.
860 873 862 878 ·

290 959 431 1026 Fabulas
450 961 646 1044 vliuripideas
669 961 735 1026 iam
758 967 871 1043 quarto
894 967 968 1025 ante
993 959 1154 1025 Christum
1173 966 1283 1024 natum

191 1068 321 1134 saeculo
354 1089 466 1152 passas
498 1089 569 1136 esse
593 1069 784 1136 histrionum
805 1069 968 1136 licentiam
991 1067 1088 1134 hodie
1109 1068 1164 1133 vix
1186 1086 1282 1134 sanus

192 1177 362 1261 quisquam
383 1184 557 1262 negaturus
581 1186 636 1244 est.
669 1179 879 1246 Grammatici
899 1176 1120 1259 Alexandrini,
1143 1177 1172 1242 si
1193 1177 1282 1242 seho-

192 1286 246 1352 liis
268 1287 348 1354 fides
371 1287 463 1371 sique
495 1288 599 1373 ipsius
630 1288 678 1354 rei
711 1288 972 1374 probabilitatem
1000 1292 1139 1372 spectas,
1162 1292 1283 1354 textum

192 1395 373 1462 fabularum
405 1397 504 1463 simili
540 1397 634 1464 modo
668 1404 763 1481 atque
795 1404 1015 1482 poematorum
1044 1397 1283 1462 Homerioorum

193 1505 425 1572 constituerunt
446 1506 581 1572 conlatis
598 1527 694 1589 quam
706 1506 852 1590 plurimis
865 1526 1022 1589 quamque
1036 1505 1165 1590 optimis
1177 1525 1284 1572 exem·
1301 1577 1307 1598 ‚-

192 1615 336 1702 pluribus
358 1615 528 1682 veteribus.
574 1616 678 1698 Atque
695 1616 891 1681 conlatorum
913 1613 1143 1697 exemplarium
1161 1614 1283 1680 anullo

191 1730 376 1808 superatum
396 1744 468 1802 esse
489 1725 680 1791 auctoritate
700 1725 862 1809 publicum
882 1723 1125 1790 Atheniensium
1148 1743 1284 1808 apogra-

192 1832 278 1917 phon
301 1833 411 1919 opinio
444 1839 493 1899 est
526 1852 622 1916 quam
655 1833 735 1900 satis
767 1831 965 1917 probabilem
994 1831 1103 1897 reddit
1124 1840 1200 1898 nota
1227 1832 1288 1914 illa,

193 1942 317 2010 (ialeni¹
332 1941 582 2008 narratiuncula.
623 1943 750 2026 Apertis
770 1941 962 2008 testimoniis
984 1941 1048 2006 iam
1070 1940 1190 2007 dudum
1205 1941 1284 2006 satis

193 2057 318 2118 constat
350 2051 449 2134 probe
481 2051 617 2118 scivisse
639 2050 874 2118 Alexandrinos
896 2071 960 2116 non
990 2050 1098 2116 omnia
1118 2049 1283 2144 Euripidis

193 2180 264 2227 esse
300 2180 382 2243 quae
416 2180 532 2226 nomen
565 2161 636 2226 eius
669 2160 814 2226 ferebant
847 2179 951 2242 neque
979 2160 1069 2244 puris
1099 2179 1117 2225 e
1143 2159 1285 2225 fontibus

192 2269 324 2336 fluxisse
357 2270 537 2335 fabularum
569 2269 726 2336 notitiam.
768 2270 818 2334 De
839 2289 902 2334 uno
924 2269 984 2334 tali
1004 2269 1187 2335 testimonio
1206 2275 1285 2334 tem·

81 2449 82 2454 ,
193 2379 280 2464 poris
304 2378 450 2462 robigine
483 2398 585 2462 paene
608 2378 776 2444 obscurato
799 2398 902 2463 pauca
924 2398 995 2444 sum
1015 2378 1050 2442 in
1072 2376 1287 2462 appendicula

195 2489 425 2572 disputaturus:
460 2488 558 2555 multo
587 2480 718 2572 gravius
749 2487 784 2553 id
814 2487 900 2570 quod
918 2507 1019 2571 nuper
1038 2488 1106 2553 W.²
1127 2487 1161 2552 in
1184 2487 1286 2552 lucem

194 2597 335 2682 protulit,
368 2596 417 2663 vel
447 2597 554 2682 potius
592 2597 828 2682 gravissimum,
863 2617 934 2662 cnm
963 2597 1046 2662 luce·
1063 2596 1181 2662 clarius
1203 2614 1286 2660 nunc

194 2712 351 2789 appareat
371 2704 456 2787 quod
479 2707 544 2772 iam
565 2712 662 2772 antea
686 2705 869 2772 coniectura
896 2704 990 2770 valde
1012 2704 1172 2790 probabili
1195 2702 1286 2770 adse-

178 2815 249 2898 'qui
271 2814 399 2897 licebat,
419 2833 515 2881 sanos
538 2815 668 2880 criticos
687 2815 837 2897 antiquos
859 2814 1047 2896 quibuscum
1069 2813 1212 2879 fecerunt
1236 2831 1286 2878 so·

194 2923 256 2988 brii
287 2923 473 2989 recentioris
506 2922 636 3001 aetatis,
671 2930 740 2990 tota
770 2922 877 2988 Rheso
909 2920 1057 3007 Euripidi
1090 2920 1285 3002 abiudicata,
1328 2912 1330 2916 ’

192 3032 258 3099 vim
280 3031 565 3116 argumentationis
596 3051 659 3096 non
688 3031 781 3097 ineo
808 3031 957 3115 posuisse
979 3030 1066 3113 quod
1089 3029 1195 3095 minus
1218 3027 1285 3094 fida
1402 3029 1403 3038 ’

195 3142 311 3207 fuisset
333 3140 426 3207 huius
449 3141 578 3206 fabulae
598 3161 694 3223 quam
716 3148 892 3207 ceterarum
907 3139 1039 3206 traditio
1051 3138 1111 3206 sed
1134 3139 1168 3204 in
1181 3138 1285 3222 ipsius

193 3250 321 3318 fabulae
345 3250 452 3316 verbis
471 3255 502 3315 et
523 3251 628 3317 rebus.

295 3361 376 3424 Ante
391 3360 494 3443 legem
506 3359 706 3444 Lycurgeam
727 3358 918 3426 histrionum
940 3358 1021 3424 satis
1041 3358 1165 3441 largam
1186 3356 1287 3422 fuisse

194 3470 358 3538 licentiam
378 3469 595 3536 testimonium
618 3470 905 3536 luculentissimum
927 3475 977 3534 est
998 3468 1072 3553 ipsa
1092 3469 1154 3534 lex.
1176 3466 1287 3532 Publi-

195 3598 267 3644 eum
289 3578 370 3645 illud
391 3580 636 3646 Atheniensium
671 3580 834 3661 exemplar
870 3579 926 3661 qui
959 3578 1022 3644 viri
1056 3575 1286 3644 conficiendum

195 3689 384 3772 duraverint,
416 3708 499 3770 quae
521 3687 570 3754 illi
593 3687 739 3754 subsidia
768 3687 900 3754 criticae
922 3686 1015 3769 artis,
1047 3705 1142 3768 quam
1164 3684 1287 3770 ingenii

197 3796 264 3862 vim
285 3795 491 3864 adhibuerint
523 3798 685 3864 nescimus
707 3817 810 3880 neque
823 3796 874 3864 rde
895 3796 947 3862 his
970 3795 1064 3862 rebus
1086 3794 1287 3879 gravissimis

194 3905 260 3971 ullo
282 3913 364 3973 teste
387 3907 451 3972 nisi
474 3906 555 3992 ipsis
573 3907 692 3976 fabulis
715 3928 867 3991 umquam
888 3908 936 3974 uti
957 3908 1141 3988 poterimus.

198 4043 394 4053 -ο--ι

292 4149 309 4202 2
330 4147 372 4206 De
390 4147 475 4204 Rhesi
493 4148 604 4204 scholiis
622 4149 869 4220 disputatiuncula,
891 4150 1003 4203 10-12.
