2842 4870
638 359 672 416 65

17 573 18 586 .
110 531 347 614 interpolatoris
362 533 527 617 ingenium
546 535 786 600 somnolentum
798 540 975 600 coartatum
994 526 1110 602 ¹fuisset
1130 536 1198 602 vin-

17 739 18 742 *
109 642 189 706 oulis
211 641 281 706 eius
302 642 429 707 formae·
444 662 540 724 quam
559 643 700 736 orationi
723 643 856 709 dederat
877 649 983 726 poeta.
1027 644 1093 710 Sed
1115 665 1197 729 nego

108 751 323 834 participium,
356 750 443 832 quod
465 769 574 816 omnes
595 751 664 816 fere
686 758 760 834 post
781 753 977 818 Brunokium
1000 753 1140 819 editores
1164 755 1198 818 in

17 931 18 934 Ἴ
108 864 227 930 texum
249 859 456 942 admiserunt,
479 860 637 942 ampliore
658 861 718 925 niti
738 863 938 928 auctoritate.
982 861 1074 928 Licet
1091 868 1198 928 tamen

108 988 126 1033 e
146 967 292 1034 oodioum
314 970 409 1051 notis,
435 969 558 1033 utiam
581 968 660 1052 dixi,
694 970 884 1036 oonoludere
906 970 989 1036 hane
1010 973 1090 1038 satis
1111 978 1198 1038 vete·

109 1097 173 1142 rem
195 1097 267 1144 esse
289 1078 554 1144 emendationem.
596 1078 703 1161 Atque
724 1099 851 1144 versum
866 1086 1010 1145 nostrum
1032 1082 1079 1146 ita
1093 1099 1198 1146 ernen-

109 1185 217 1252 datum
238 1188 413 1252 attulerunt
424 1186 651 1271 Hermogenes,
664 1187 705 1253 de
715 1188 781 1252 Inv.
798 1188 851 1252 IV.
864 1190 913 1252 12.
926 1209 957 1272 p.
980 1191 1037 1253 l8l
1046 1191 1105 1272 W,
1128 1188 1197 1255 Gle-

17 1353 18 1360 ,
108 1315 196 1360 mens
218 1277 455 1362 Alexandrinus
487 1296 601 1362 Strom.
629 1298 670 1378 II,
696 1315 727 1380 p.
742 1298 803 1362 506
825 1297 874 1362 ed.
897 1299 1014 1364 Potter.
1035 1299 1199 1364 etEusta-

17 1455 18 1494 3
108 1403 203 1488 thius,
224 1405 268 1471 ad
289 1405 381 1471 Hom.
405 1406 441 1472 Il.
465 1407 502 1471 B.
523 1409 593 1471 262.
635 1408 780 1490 Apparet
801 1408 900 1490 igitur
925 1407 983 1474 hos
1005 1408 1094 1474 viros
1113 1413 1199 1474 vete-

17 1585 18 1590 ,
108 1533 173 1578 rem
200 1514 290 1580 illam
318 1515 575 1582 emendationem
596 1517 768 1600 probasse:
800 1517 938 1610 amplius
958 1517 1049 1582 nihil.
1092 1518 1198 1583 Etiam

108 1621 198 1688 aliud
220 1625 253 1688 in
275 1625 337 1690 isto
359 1645 454 1691 versu
477 1626 584 1692 inesse
607 1626 721 1692 vitium
750 1627 831 1692 bene
853 1628 1020 1711 perspexit
1042 1625 1199 1709 Clemens,

108 1732 164 1812 qni
186 1733 330 1818 scripsit:

241 1845 417 1934 updrruovo’
433 1841 466 1914 d
485 1848 639 1936 κρύπτειν
660 1841 779 1935 ὄμματ’
803 1843 947 1937 ἀρσένων
969 1851 1070 1941 ἐχρῆν.

17 2005 18 2022 ’
108 1991 194 2058 Satis
238 1991 369 2060 horride
408 2001 458 2060 est
505 2014 582 2062 sane
623 1997 681 2061 illa
722 1995 890 2079 longarum
929 1997 1128 2080 syllabarum
1165 1998 1199 2062 in

17 2171 18 2188 η
107 2120 220 2166 versus
249 2101 313 2166 fine
335 2103 473 2186 iteratio,
509 2093 652 2186 ἀρσένων
672 2098 790 2187 poesim
824 2105 904 2169 mihi
936 2111 1043 2169 tamen
1072 2103 1200 2169 videtur

17 2191 18 2208 ¹
108 2211 203 2290 paulo
238 2211 389 2278 licentius
426 2219 568 2300 mutasse
605 2212 762 2279 Clemens.
817 2212 882 2278 Sed
915 2218 951 2278 ut
986 2210 1199 2279 oonoedamus

109 2313 284 2402 apdmaooo’
318 2322 496 2406 legitimam
529 2340 600 2388 esse
638 2323 838 2407 scripturam,
870 2329 960 2388 estne
992 2323 1062 2388 veri
1094 2322 1199 2388 simile

108 2427 307 2514 Euripidem,
330 2432 385 2512 qui
407 2452 428 2496 a
446 2427 507 2497 suo
532 2432 639 2498 studio
661 2432 742 2498 nihil
762 2435 919 2500 muliebre
941 2435 1082 2499 alienum
1103 2433 1199 2498 habe-

108 2537 173 2619 bat,
195 2540 338 2611 mulieris
361 2529 600 2624 εὐσχημοσύνην
621 2547 685 2607 tam
712 2549 848 2626 anguste
871 2542 1100 2609 definiisse?⁸⁴.
1134 2541 1199 2608 Sed

106 2647 196 2713 felioi
218 2668 295 2714 oasu
314 2649 432 2714 seimus
447 2656 573 2717 veteres
595 2652 821 2732 grammatioos
839 2652 937 2717 etiam
958 2653 1093 2718 alteram
1113 2651 1200 2716 viam

17 2813 18 2848 η
106 2757 208 2823 nostri
228 2757 292 2822 loei
316 2757 497 2840 castigandi
521 2759 642 2824 iniisse.
686 2757 723 2824 ln
745 2757 856 2825 codiee
872 2759 1124 2845 Guelferbytano
1147 2780 1199 2824 ex·

208 3020 242 3070 34
260 3015 398 3072 Mirabilis
417 3023 458 3072 est
476 3017 560 3072 Weili
583 3019 613 3072 in
632 3017 706 3078 huno
723 3018 816 3074 looum
834 3019 987 3088 adnotatio,
1009 3036 1092 3086 qnam
1110 3023 1199 3072 totam

17 3139 18 3152 .
108 3113 264 3169 exscribere
287 3114 370 3168 libet:
396 3113 560 3184 Herntoptae
578 3117 595 3170 t.
608 3132 639 3184 o,
657 3117 705 3184 qui
722 3121 802 3170 nante
820 3114 968 3170 i’tltoation
984 3113 1022 3168 do
1036 3115 1155 3184 premier
1167 3114 1200 3169 do

107 3227 149 3266 ees
166 3227 224 3266 uere
243 3211 384 3280 (σεμνῶς
401 3205 521 3281 εἰπών),
531 3215 624 3266 trouve
641 3212 665 3266 le
681 3212 778 3267 second
789 3209 881 3280 soille,
898 3212 1020 3280 eutpatre
1036 3218 1060 3266 et
1078 3211 1110 3266 de
1124 3227 1200 3265 tirou-

17 3307 18 3348 l
107 3310 169 3363 ouis
185 3308 252 3378 polit
268 3303 411 3377 (εὐτελὲς
428 3313 484 3360 καὶ
503 3305 619 3363 κοινὸν
638 3313 690 3361 καὶ
708 3303 918 3376 κακόζηλον).
956 3307 1047 3374 Ovide,
1067 3308 1115 3376 qui
1129 3292 1200 3362 lesa

17 3383 18 3390 ἵ
104 3405 262 3475 reproduits
290 3405 349 3460 l'art
369 3410 395 3459 et
418 3405 524 3474 l'arttre,
544 3405 656 3460 Motum.
677 3405 766 3474 XIII,
784 3407 838 3459 479
855 3419 904 3472 sq,
927 3403 954 3458 μ’
973 3404 1040 3458 erait
1058 3419 1199 3474 apparem-

106 3506 179 3555 ment
193 3517 246 3570 pos
264 3499 297 3555 de
313 3501 393 3556 z'avts
411 3501 443 3556 de
463 3517 491 3557 ee
509 3502 624 3556 rbttenr.
664 3501 705 3556 On
723 3502 778 3556 voit
797 3499 944 3572 pependerat
966 3516 1022 3570 par
1040 3515 1089 3553 sort
1107 3500 1198 3553 imita·

106 3597 167 3651 tlon
191 3613 240 3666 que
267 3597 295 3652 la
318 3597 461 3668 simplict'tt
483 3597 647 3668 d’Eura'pide
665 3598 741 3652 avait
759 3581 868 3666 beroia,
883 3613 920 3650 aa
942 3596 1018 3650 siecle
1042 3594 1200 3666 d'Aupuste,

106 3693 175 3748 d’ua
188 3709 245 3764 peu
262 3693 436 3764 d’ornemeot,
454 3694 521 3749 d’aa
534 3711 589 3763 petr
606 3693 638 3749 do
652 3709 680 3749 oe
698 3687 823 3764 σεμνόν
842 3708 892 3762 qao
903 3691 1014 3746 rtolame
1026 3691 1199 3761 Hammone.

106 3790 129 3844 I
130 3791 141 3845 l
159 3789 217 3846 da't:
247 3790 321 3845 Tenc
343 3807 533 3861 quoquotum
555 3791 610 3858 fuit
629 3791 827 3859 portatorium
844 3789 980 3858 tepradas,
1003 3803 1061 3842 eum
1084 3787 1198 3854 σσσσνσ,

106 3887 228 3956 castique
254 3887 334 3942 deerto
359 3901 465 3944 sonore
486 3886 614 3956 pudoris.
649 3885 766 3940 Prorsus
789 3885 978 3940 eonsentiebat
1000 3883 1116 3938 Ovidius
1136 3899 1199 3938 eum

107 3983 298 4056 Hermogene:
317 4003 373 4038 non
389 3984 471 4039 modo
489 3983 695 4053 simplioitetem
714 3981 861 4051 sprevit-
874 3981 904 4034 in
921 3981 974 4036 hoo
989 3984 1070 4049 parte
1086 3979 1219 4049 videtur¹

107 4081 179 4135 mihi
196 4081 313 4136 Weilius
331 4081 495 4151 Euripidem
513 4080 639 4135 deridere
657 4109 691 4119 -
710 4079 758 4133 sed
775 4083 865 4132 totam
884 4077 1002 4132 formam
1027 4081 1055 4131 et
1073 4076 1199 4130 ordinem

108 4177 245 4233 orationis
264 4179 393 4248 mutavit,
411 4196 499 4248 neque
514 4195 576 4232 eom
593 4177 686 4232 decori
700 4175 890 4230 definitionem
900 4173 1011 4228 omnino
1026 4172 1104 4227 dedit
1115 4188 1199 4240 quam

108 4273 242 4344 Euripidi
260 4275 383 4330 subdidit
403 4274 593 4344 interpolator.
1057 4256 1059 4265 ¹

984 4369 1000 4419 o
