2842 4870
588 361 591 368 ’
677 379 695 430 a

240 551 304 632 Qui
323 525 367 618 de⁴
384 552 525 636 antiquis
540 551 752 619 histrionibus
775 550 978 636 disputarunt
997 557 1125 617 noemae
1145 555 1232 616 aeta·

143 663 184 730 tis
201 683 293 730 usum
314 662 505 728 theatralem
527 667 864 728 commemoraverunt:
886 682 984 728 unum
997 668 1105 727 tamen
1128 680 1232 726 exem·

140 773 227 856 plum
257 771 405 855 idemque
434 771 669 839 nobilissimum
697 772 776 837 mihi
800 772 904 838 visum
924 777 974 837 est
1002 769 1080 836 utile
1108 769 1176 835 lore
1204 771 1233 836 si

141 881 248 950 verbis
270 879 433 966 expressis
459 879 645 947 indicarem.
691 881 781 959 Quae
803 875 921 947 fue'rint
942 879 1121 964 Shaksperi
1144 880 1233 944 fabu-

141 990 243 1055 larum
266 990 410 1074 lataxqui
430 997 546 1058 norunt
578 1010 633 1057 eos
655 991 751 1058 velim
774 990 968 1075 respondere
990 994 1127 1072 quantus
1149 993 1234 1055 esset

141 1098 237 1165 bodie
259 1099 350 1165 labor
372 1119 454 1183 quae
475 1100 546 1185 ipse
567 1100 734 1186 scripserit
756 1098 970 1180 discernendi,
985 1099 1012 1165 si
1036 1099 1234 1182 exemplaria

141 1208 228 1294 typis
258 1229 377 1275 excusa
400 1211 488 1275 nulla
521 1209 720 1275 exstitissent
741 1216 815 1275 ante
838 1207 1069 1286 Theobaldum
1093 1209 1148 1290 qui
1169 1207 1232 1289 pri·
1259 1279 1262 1288 ,

143 1336 212 1383 mus
243 1324 356 1402 poetae
387 1317 494 1384 verbis
531 1317 762 1384 constituendis
785 1317 932 1383 criticam
952 1314 1099 1381 adhibuit
1121 1322 1231 1382 artem.

140 1425 280 1491 Putasne
312 1425 473 1492 hominem
503 1446 616 1511 parurn
649 1425 823 1492 exereitum
850 1425 958 1490 omnia
991 1426 1153 1509 expellere
1173 1445 1234 1508 po·

142 1535 243 1601 tuboe
266 1553 348 1618 quae
368 1527 485 1618 'poetae
501 1542 701 1619 praestantes
717 1535 861 1618 vilesque
883 1533 1126 1609 versificatores,
1152 1554 1235 1616 qnae

140 1641 321 1728 Drydenns‚
345 1647 438 1727 'quae
472 1645 600 1729 spurius
634 1645 688 1711 ille
713 1643 892 1728 Shaksperi
924 1643 1025 1720 filins,
1059 1663 1142 1726 quae
1176 1643 1234 1708 alii

142 1753 311 1830 commenti
333 1753 448 1819 erant?
469 1754 574 1820 Hodie
597 1755 786 1820 confitentur
815 1753 918 1819 critici
948 1753 1034 1820 acuti
1061 1760 1093 1819 et
1115 1752 1235 1819 eruditi

143 1881 179 1928 se
208 1861 379 1946 desperare
409 1861 450 1928 de
476 1863 614 1947 pristina
642 1863 774 1930 Ricardi
797 1863 848 1928 III
869 1863 972 1928 forma
1000 1862 1233 1930 restituendal:

140 1969 220 2053 quid
233 1970 261 2036 si
273 1971 480 2038 Theobaldus
490 1972 623 2056 legisset
635 1972 764 2039 (libberi
775 1993 885 2039 versus
900 1972 1116 2039 vetustissimi·
1127 1992 1232 2038 exem-

141 2078 242 2162 plaris
275 2079 414 2163 margini
449 2081 629 2165 adscriptos
661 2087 757 2164 atque
791 2081 968 2147 recentiore
997 2083 1031 2146 in
1056 2081 1138 2147 libro
1161 2101 1233 2147 cnm

142 2187 393 2272 Shahsperianis
417 2189 632 2256 commixtos?
653 2191 765 2274 Neque
787 2197 894 2256 tamen
908 2191 1029 2257 inscius
1052 2211 1122 2257 sum
1136 2191 1234 2257 aliam

141 2315 213 2363 esse
235 2317 270 2363 re
291 2317 369 2364 vera
391 2298 774 2383 crisinShaksperianam
789 2300 887 2366 aliam
898 2299 1118 2384 Euripideam.
1146 2301 1234 2366 Non·

141 2406 238 2471 nullis
260 2407 294 2471 in
318 2406 412 2472 rebus
437 2406 564 2472 facilior
575 2414 624 2473 est
635 2406 886 2493 Shaksperiana,
908 2409 943 2473 in
967 2409 1127 2474 nonnullis
1150 2407 1233 2473 diffi-

68 2552 71 2559 -
141 2513 242 2580 eilior.
286 2515 386 2580 Extra
410 2515 514 2599 ipsam
536 2515 679 2581 fabulam
702 2517 807 2584 minus
830 2525 879 2584 est
907 2537 1023 2584 causae
1046 2538 1101 2583 cur
1121 2517 1234 2583 Henri-

142 2643 214 2688 eum
235 2623 314 2688 VIII
347 2642 405 2707 pro
439 2630 572 2690 centone
606 2625 780 2692 habeamus
814 2647 910 2710 quam
945 2647 1000 2692 eur
1032 2627 1067 2692 in
1098 2625 1235 2693 eandem

141 2733 358 2817 suspicionem
388 2752 536 2800 vocemus
559 2734 764 2820 Iphigeniam
788 2725 1009 2820 Aulidensem,
1036 2755 1140 2819 neque
1171 2735 1235 2801 for-

141 2852 228 2910 tasse
250 2845 322 2929 plus
345 2866 462 2912 causae
484 2868 540 2912 cur
555 2847 689 2912 Periclis
706 2847 880 2912 maximam
899 2852 1022 2930 partem
1034 2845 1234 2931 Shaksperio

141 2953 363 3022 abiudicemus
386 2976 481 3039 quarn
508 2977 564 3023 cur
584 2957 725 3023 Rhesum
748 2954 958 3041 Euripideam
980 2973 1051 3021 esse
1072 2974 1233 3040 negemus.

140 3061 208 3129 Sed
229 3063 263 3128 in
285 3071 418 3148 utraque
451 3086 486 3130 re
517 3065 602 3132 idem
630 3073 679 3132 est
706 3064 907 3150 grammatici
929 3063 1048 3130 laboris
1069 3063 1157 3130 finis:
1179 3085 1233 3148 ge·

140 3173 250 3238 nuinis
272 3180 386 3258 poetae
406 3176 514 3241 verbis
536 3175 706 3260 pristinam
728 3173 860 3240 reddere
878 3173 1023 3239 formam.

241 3281 368 3348 Scimus
383 3283 561 3369 Euripidea
575 3284 694 3368 spuriis
712 3284 937 3348 contaminari:
960 3282 1111 3349 debemus
1135 3282 1235 3367 igitur

139 3390 253 3474 spuria
274 3389 380 3473 quoad
402 3390 472 3456 eius
494 3391 564 3456 lieri
586 3398 691 3476 potest
706 3391 880 3457 eradicare.
904 3390 1017 3472 Neque
1040 3390 1142 3457 iustus
1158 3410 1235 3475 erga

141 3506 272 3584 poetam
294 3507 343 3565 est
376 3500 432 3583 qui
462 3500 569 3566 omnia
597 3500 738 3584 genuina
771 3520 843 3566 esse
869 3499 1008 3566 affirmat
1035 3499 1236 3583 usquedum

140 3609 254 3692 spuria
282 3627 353 3674 esse
386 3607 658 3700 demonstrentur
681 3607 848 3675 socordiae
874 3615 923 3675 est
945 3609 974 3675 si
997 3608 1069 3691 quis
1091 3608 1127 3674 id
1148 3609 1236 3675 facit.

23 3787 24 3792 γ
139 3715 233 3782 Nihil
254 3723 303 3782 est
324 3716 564 3783 affirmandum:
588 3717 696 3783 omnia
720 3724 795 3784 sunt
816 3717 987 3802 diligentia
1009 3717 1173 3784 indefessa
1200 3719 1235 3783 ln

140 3825 363 3908 quaestionem
384 3826 540 3893 vocanda.
569 3827 652 3892 Nam
674 3826 786 3893 eodem
809 3827 903 3892 modo
926 3827 1110 3893 coniectura
1124 3827 1237 3892 nititur

140 3935 198 4018 qni
219 3936 393 4018 genuinum
425 3955 495 4002 esse
529 3955 655 4002 versum
689 3936 828 4002 affirmat
862 3942 958 4019 atque
992 3937 1047 4020 qui
1076 3937 1235 4020 spurium:
1343 3971 1346 3975 Δ

24 4097 25 4100 ¹
139 4044 229 4129 quod
250 4053 497 4112 consentaneum
523 4054 572 4112 est
593 4047 693 4112 multo
710 4047 832 4130 plnres
854 4065 926 4112 esse
944 4065 1057 4112 versus
1078 4045 1235 4128 genuinos

242 4291 258 4344 3
278 4288 317 4346 cf.
337 4289 432 4346 Delius
451 4288 666 4360 Abhacdtuapeu
686 4305 720 4344 au
740 4287 897 4358 Sbatspcre,
916 4289 968 4342 234
988 4305 1028 4357 sq.
1127 4303 1129 4308 ’
