2842 4870
663 399 697 454 47

279 571 351 636 ε’ντεὶ
373 572 408 638 δὲ
432 569 556 658 Θησεάς
580 573 769 657 Κεκροπίαν
790 571 898 638 λείπει
918 567 1023 653 χδάνα

279 680 404 765 μίασμα
425 677 556 770 φεύγων
576 683 714 765 αἳματος
735 682 969 747 Παίλαντιδῶν
1187 681 1228 746 35

276 787 329 858 καί
355 783 449 877 τήνδε
471 785 529 854 σίν
554 784 692 873 δάμαρτι
717 791 886 856 νασστσλεῐ
912 784 1020 872 χθόνα

281 894 440 962 ἐνιαυσίαν
463 893 602 982 ἔκδημον
625 894 754 974 αἰνέσας
773 892 889 985 φυγήν,

279 1003 422 1070 ἐνταῦθα
441 1000 481 1093 δή
502 1005 659 1072 στένουσα
680 996 950 1090 κάκπεττληγμένη

279 1112 422 1198 κέντροις
445 1109 568 1195 ἔρωτος
588 1109 608 1202 ἡ
630 1109 750 1180 τάλαιν’
771 1107 952 1180 άντάλλνται

279 1223 370 1308 σιγῇ·
391 1219 519 1286 σύνοιδε
539 1220 567 1314 δ’
590 1209 681 1298 σάτις
704 1217 839 1286 οἰκετῶν
860 1215 965 1287 νάσσν.
1189 1222 1230 1285 40

145 1363 226 1430 Olim
249 1363 282 1428 in
305 1364 345 1427 36
370 1363 503 1429 offendit
513 1364 574 1429 K.:
599 1364 716 1447 prioris
737 1364 859 1430 ordinis
881 1363 1025 1430 codicum
1040 1363 1161 1429 indicia
1183 1383 1232 1428 se-

143 1480 231 1539 cutus
253 1473 383 1556 scripsit
395 1471 480 1559 ,τῇδε
503 1493 562 1556 pro
587 1467 693 1556 τήνδε,
715 1480 811 1555 atque
827 1471 964 1538 coniecit
985 1465 1091 1551 χθόνα
1106 1471 1231 1538 librarii
1243 1473 1261 1557 'v
1380 1507 1385 1522 ·

144 1602 247 1647 errore
268 1581 393 1666 decepti
415 1581 515 1646 simili
535 1602 565 1646 v.
576 1582 617 1645 34
638 1581 700 1648 fine
722 1582 756 1646 in
773 1589 899 1647 textum
923 1581 1106 1665 inrepsisse.
1139 1581 1231 1646 Hanc

20 1759 21 1780 1
145 1691 291 1756 medendi
314 1691 466 1757 rationem
490 1691 570 1775 ipse,
592 1697 628 1756 ut
640 1690 775 1768 videtur,
792 1690 919 1756 abiecit.
952 1691 1066 1756 Nullus
1082 1689 1231 1772 equidem

143 1799 252 1865 dubito
274 1801 351 1883 quin
373 1799 573 1865 retinendum
595 1799 638 1865 sit
660 1791 770 1883 τήνδεε
792 1798 887 1865 valde
908 1806 1014 1864 tamen
1030 1798 1141 1865 dubito
1155 1819 1231 1864 num

20 1995 21 2000 ρ
142 1909 271 1974 tolerari
294 1907 398 1992 possit
416 1901 530 1987 χθόνα.
573 1908 676 1989 Atque
699 1914 868 1991 postquam
888 1909 961 1992 ipse
986 1907 1109 1974 conieci
1134 1901 1231 1971 πάλιν

141 2038 250 2083 verum
272 2037 351 2099 esse,
375 2017 475 2082 didici
496 2017 600 2082 virum
623 2015 781 2099 quendam
795 2015 1013 2083 doctissimum
1034 2018 1112 2082 olim
1133 2009 1231 2080 πόλιν

142 2126 281 2210 margini
303 2126 494 2211 exemplaris
518 2127 567 2190 sui
592 2124 812 2208 adsumpsisse,
835 2124 984 2209 idemque
1006 2126 1039 2190 in
1055 2125 1151 2192 Weili
1173 2125 1230 2192 ad·

20 2235 22 2254 ¹
142 2235 359 2301 notationibus
382 2234 500 2300 inveni.
547 2232 593 2298 ef.
616 2233 729 2316 Suppl.
751 2233 822 2298 473.

20 2327 22 2364 ί

240 2361 277 2426 V.
291 2361 329 2425 37
350 2359 428 2424 mihi
450 2358 618 2424 damnatur
634 2357 685 2424 vel
699 2358 766 2423 solo
778 2357 932 2422 vocabulo
948 2335 1103 2442 ἔκδημον.
1126 2359 1229 2439 Quae-

143 2491 218 2536 nam
240 2470 394 2544 enichst
415 2462 500 2554 φυγή
525 2487 588 2532 non
622 2461 789 2549 ἔκδημοςδ
823 2467 927 2548 Atque
961 2465 1000 2532 dc
1033 2469 1131 2534 exilio
1165 2469 1230 2536 iam

20 2595 22 2616 ¹
140 2582 191 2645 34.
214 2582 254 2644 35
277 2578 396 2646 dictum
419 2584 475 2644 ost.

241 2705 507 2789 Suspectissimus
540 2712 589 2770 est
609 2725 639 2770 v.
653 2705 702 2769 40.
745 2703 901 2769 Nimirum
930 2705 1063 2789 putabat
1090 2705 1230 2790 interpo-

139 2815 224 2880 lator
244 2835 353 2881 verum
376 2835 479 2880 rorum
502 2822 618 2880 statum
643 2832 701 2899 per
731 2797 872 2899 verbasci
895 2808 1015 2876 τάλαιν’
1049 2803 1230 2878 α’νιάλίσται
1288 2817 1290 2820 ’

20 2977 21 2996 ,
140 2945 254 3008 parum
283 2917 424 2989 definiri:
447 2923 584 2989 coniecit
614 2923 713 3006 igitur
743 2922 920 3005 pleniorem
952 2922 1168 2988 definitionem
1190 2944 1230 2989 ex

20 3013 21 3026 '
139 3033 308 3100 Phaedrae
330 3033 436 3099 verns
459 3034 530 3098 393.
553 3034 634 3097 394:
1151 3049 1152 3054 ε

712 3167 716 3176 '
734 3149 877 3245 ἠρξάμην
898 3155 956 3239 μὲν
976 3143 1033 3223 σάν

289 3265 323 3332 ἐκ
344 3267 450 3349 τοῦδε,’
471 3269 563 3351 σιγᾶν
583 3260 677 3354 τήνδε
700 3266 753 3330 καί
774 3260 1056 3350 κρύπτεινινάσον.

137 3411 207 3476 Sed
231 3410 377 3492 maxime,
410 3417 496 3494 puto,
525 3411 620 3476 istius
652 3408 885 3494 appendiculae
919 3428 1027 3489 causa,
1055 3408 1127 3494 σιγῇ
1149 3406 1231 3490 dico,

137 3520 303 3586 confectus
325 3525 374 3585 est
393 3541 422 3585 v.
444 3521 494 3585 40.

241 3663 446 3730 Falsissimus
468 3670 517 3729 est
536 3664 597 3729 421:

290 3803 386 3885 δείξω
408 3805 444 3870 δὲ
467 3807 569 3890 Θησεῖ
589 3806 722 3891 πράημα
742 3797 989 3893 κάκφανὴσετσι.

135 3950 221 4015 Rem
242 3967 306 4014 uon
321 3947 446 4013 Theseo
464 3948 664 4038 'demonstrat
677 3949 795 4025 Venus,
817 3967 930 4029 neque,
951 3944 1046 4012 sicuti
1068 3947 1097 4012 si
1119 3945 1229 4029 genui·

136 4078 203 4123 nus
225 4064 310 4123 esset
332 4055 386 4122 hic
408 4078 528 4140 versus,
544 4063 731 4142 exspectare
754 4057 913 4122 debebant
927 4059 1134 4138 spectatores,
1149 4073 1230 4118 mor·

133 4177 206 4233 tem
227 4166 406 4251 Hippolyto
426 4165 619 4250 imprecatur
631 4166 775 4232 Theseus
790 4163 875 4247 quod
890 4163 1040 4229 didicerit
1051 4160 1231 4228 Phaedram

135 4294 252 4342 amore
275 4275 387 4342 furere.
