2842 4870
680 327 715 382 39

153 493 313 576 explicatu
336 513 406 560 esse
430 502 517 578 -puto
550 495 677 578 quando
710 515 835 580 quoque
864 499 957 565 modo
987 519 1097 567 versus
1128 502 1239 572 amissi

153 602 340 671 exciderint.
382 605 465 670 Nam
497 605 641 673 scholion
667 606 748 672 illud
779 607 823 672 ad
844 609 905 674 820
938 607 980 674 ad
1011 615 1135 692 tempus
1168 627 1239 678 esso

152 711 351 777 referendum
385 713 534 779 existimo
561 734 623 796 quo
655 715 855 798 grammatici
888 715 1010 798 antiqui
1044 719 1240 803 exemplaria

154 822 353 887 contulerunt
374 829 408 887 ut
429 843 507 888 vera
527 829 640 907 poetae
666 824 764 889 verba
796 825 1031 890 constituerent.
1086 825 1179 904 Quod
1210 829 1240 893 si

37 1013 41 1026 .
152 939 339 1010 veronesi,
369 931 434 996 illis
459 932 675 1014 grammaticis
696 931 892 1015 antiquiores
925 941 998 1000 sunt
1031 935 1099 1000 isti
1119 955 1239 1002 versus.

151 1039 190 1105 In
212 1040 333 1106 melicis
357 1040 489 1106 facilius,
508 1041 698 1106 crediderim
721 1042 852 1108 lacunas
867 1043 1052 1110 statuendas
1068 1063 1148 1128 esse,
1164 1049 1238 1110 nam

152 1147 226 1213 inde
247 1149 288 1213 ab
310 1149 403 1215 initio
426 1152 530 1232 quarti
561 1156 634 1215 ante
657 1150 817 1217 Christum
840 1151 961 1217 saeculi
983 1151 1238 1218 scimus'melica

152 1257 193 1321 ab
215 1257 422 1324 histrionibus
455 1260 557 1342 magis
591 1259 758 1342 magisque
790 1261 937 1344 neglecta
965 1279 1051 1326 esse:
1079 1262 1238 1328 trimetros

151 1365 280 1432 eosdem
311 1366 437 1450 utrique
469 1367 614 1434 codicum
645 1367 741 1434 classi
761 1367 873 1435 deesse
898 1370 1158 1456 atquedefuisse
1182 1372 1238 1453 qui

151 1475 409 1566 statuitualidis
442 1479 646 1561 argumentis,
679 1486 715 1545 ut
746 1478 825 1544 mihi
857 1477 992 1563 videtur,
1025 1478 1237 1545 coniecturam

151 1587 358 1672 comprobare
379 1581 518 1654 debebit.

597 1733 793 1742 ·-—·---—--

248 1838 297 1902 De
317 1859 348 1903 v.
372 1838 593 1902 roso-1063:

297 2044 430 2131 καὶτῆς
452 2041 631 2132 θανούσης,
654 2037 728 2126 ἆξία
749 2045 785 2110 δέ
805 2070 862 2128 μοι
884 2044 1000 2130 σέβειν,
1158 2050 1237 2113 1060

297 2151 422 2245 πολλὴν
443 2150 601 2239 πρόνοιαν
622 2156 679 2220 δεῖ·
694 2154 727 2237 μ’
752 2151 836 2235 ἔχειν
854 2150 893 2218 σύ
916 2153 953 2231 δ’,
980 2141 1007 2217 ὦ
1029 2149 1128 2237 γύναι,

298 2258 368 2352 ἥτις
391 2257 520 2330 ποιίἶ
542 2259 590 2343 σύ,
614 2253 706 2328 ταῦτ’
728 2261 833 2344 ἔχονσ
855 2255 1041 2348 Ἀλκήστιδι

297 2375 429 2459 μορφῆς
451 2373 540 2455 μέτρ’
562 2367 645 2450 ἴσθι,
669 2371 722 2435 καὶ
743 2365 918 2456 προσήιξαι
938 2371 1045 2454 δέμας.

150 2507 284 2592 Spurios
307 2528 378 2574 esse
393 2515 470 2593 puto
482 2529 509 2573 v.
524 2509 738 2574 1061-1063.
761 2509 799 2572 In
814 2513 924 2591 aperto
940 2513 988 2572 est
1000 2507 1236 2592 interpolatoris

149 2617 331 2682 consilium:
357 2617 481 2700 aliquid
496 2617 655 2701 quaesivit
669 2614 763 2682 homo
786 2617 911 2696 ineptus
936 2636 975 2681 ex
998 2636 1060 2699 quo
1082 2617 1236 2700 penderet

148 2724 316 2809 genetivus
338 2721 511 2810 θανούσης.
548 2729 591 2792 rit
607 2726 766 2792 sententia
781 2725 845 2790 iam
868 2727 963 2809 plena
983 2725 1139 2790 enuntiati
1162 2725 1235 2791 linis

148 2840 199 2900 est
222 2835 311 2899 1060.
335 2835 432 2899 Porro
455 2853 485 2899 v.
502 2835 591 2898 1064.
613 2834 712 2898 1065:
808 2859 812 2876 ·
928 2853 932 2860 ·

350 2961 453 3050 otto·
476 2959 587 3050 κόμιζε
609 2959 694 3049 πρὸς
717 2966 809 3029 νεῶν
830 2964 866 3046 ἐξ
885 2957 1040 3049 cunctat

346 3079 477 3159 γυναῖκα
498 3069 592 3163 τήνδε
818 3070 825 3080 ’

148 3179 255 3278 subito
280 3212 440 3278 exclamat
461 3211 628 3277 Admetus:
651 3210 903 3278 exclamationis
933 3231 1031 3278 causa
1058 3212 1236 3296 explicatur

147 3343 178 3388 v.
194 3322 282 3386 1060.
300 3321 398 3386 1067;

346 3429 434 3494 δοκῶ
456 3423 515 3513 γὰρ
537 3419 638 3512 adadu
660 3423 797 3510 εἰσορῶν
818 3427 936 3511 γυναῖχ’
960 3425 1038 3512 ὁρᾶν

345 3559 432 3624 appr.

247 3661 392 3730 Eandem
407 3663 655 3747 explicationem
677 3662 773 3728 ctiam
797 3670 876 3729 ante¹
894 3663 1156 3730 exclamationem
1171 3665 1235 3748 ipsi

146 3772 282 3839 Admeto
304 3773 454 3839 tributam
486 3793 548 3838 non
581 3771 796 3838 tolerabimus.
840 3772 988 3837 Forsitan
1016 3773 1136 3857 pusilla
1162 3793 1234 3839 esse

147 3890 336 3965 argumenta
357 3882 490 3964 iudices,
512 3882 541 3947 si
563 3880 670 3946 dicam
691 3900 755 3946 non
775 3900 846 3972 esse
861 3888 1108 3947 consentaneum
1118 3882 1233 3949 Adme-

146 3999 216 4058 tum
237 3991 390 4056 ieminam
421 3991 468 4057 ita
491 3993 525 4057 in
546 3990 653 4056 media
674 3990 724 4066 ad
738 3991 905 4056 Herculem
926 3989 1069 4056 oratione
1091 3991 1233 4074 adloqui,

146 4119 253 4184 neque
275 4119 348 4166 eum
370 4099 413 4166 ad
434 4091 557 4166 servam
588 4099 647 4164 tali
675 4098 876 4164 adlocutione
899 4119 1028 4164 usurum
1049 4100 1165 4164 fuisse:
1188 4101 1234 4166 ita

146 4218 257 4278 tamen
288 4209 399 4278 sentio.
443 4211 493 4278 De
525 4207 651 4312 legibus
674 4207 817 4276 Graecae
843 4208 972 4296 linguae
993 4209 1065 4278 istis
1086 4209 1232 4311 versibus
