2842 4870
713 343 748 398 46

185 533 257 582 csse
278 516 445 598 integrum,
469 517 639 598 sequentes
654 517 778 582 30-33
794 515 931 582 fortasse
945 515 1135 582 decurtatos.
1169 513 1274 593 Quam

186 625 400 708 suspicionem
433 622 572 688 maxime
599 622 764 690 confirmat
784 623 872 690 locus
893 623 1028 690 Diodori
1051 623 1114 690 Sic.
1146 624 1200 690 IV.
1222 625 1275 706 62,

185 751 280 816 quem
301 732 357 797 ad'
373 731 431 797 hos
461 751 572 797 versus
606 732 812 800 illustrandos
841 733 948 798 attolit
968 733 1128 799 Monkius.
1169 733 1275 799 Velim

184 848 285 907 totum
306 840 471 923 perlegas:
502 832 584 919 μετὰ
605 835 641 903 δέ
661 833 720 902 τόν
740 833 842 923 γόμον
858 833 1053 905 Ἱππόλυτον
1080 837 1140 923 μέν
1159 834 1217 904 τόν
1238 837 1277 903 ἐκ

183 949 243 1038 τῆς
263 939 477 1031 Ἀμαζονίδος
498 942 669 1032 γενόμενον
689 942 761 1012 υἱόν
783 945 935 1034 ἔπεμψεν
954 945 1001 1026 εἰς
1027 949 1185 1038 Τροιζῆνα
1204 945 1276 1030 τρέ·

185 1062 310 1144 φεσθαι
335 1051 424 1139 παρὰ
444 1059 516 1134 τοῖς
539 1050 678 1138 Αἴθρας
699 1047 863 1144 ἀδελφοῖς,
891 1056 926 1122 ἐν
947 1057 983 1122 δὲ
1006 1056 1150 1141 Φαίδρας
1165 1047 1277 1142 ΥἈκό-

184 1189 289 1250 μανια
309 1165 362 1230 καὶ
383 1168 591 1251 Δημοφῶντα
620 1165 774 1251 ἐγέννησε.
804 1162 920 1249 μικρόν
948 1164 984 1232 δὲ
1007 1162 1143 1249 ὕστερον
1161 1159 1278 1231 Ἱππο-

186 1272 283 1340 λύτου
314 1269 554 1352 ἐπανελθόντος
582 1270 629 1352 είς
660 1271 718 1352 τὰς
751 1269 895 1364 Ἀθήνας
917 1271 1002 1358 πρός
1033 1270 1073 1339 τό
1103 1269 1275 1364 μυστήρια,

190 1384 316 1468 Φαίδρα
335 1380 388 1449 διὰ
409 1379 447 1447 τό
468 1378 584 1460 κάλλος
606 1383 784 1467 ἐρασθεῖσα
804 1374 904 1449 αύτού
932 1379 1006 1450 τότε
1028 1382 1087 1467 μέν
1107 1379 1279 1449 ἀπελθόν-

185 1517 242 1572 τος
277 1490 324 1571 εἰς
355 1493 512 1578 Τροιζῆνα
548 1487 702 1574 ἱδρύσατο
739 1485 829 1575 ῖερόν
857 1492 1057 1580 Ἀφροδίτης
1092 1488 1182 1576 παρὰ
1218 1490 1280 1580 την

186 1595 374 1688 ἀκρόπολιν,
409 1597 491 1668 ὅθεν
521 1587 561 1687 ἦν
596 1605 743 1688 καθορᾶν
774 1600 835 1688 την
870 1604 1034 1692 Τροιζῆνα,
1069 1597 1207 1686 ὕστερον
1239 1599 1280 1666 δέ

186 1708 277 1796 παρὰ
296 1713 343 1798 τῷ
370 1714 493 1776 Πιτθεῖ
514 1706 596 1794 μετὰ
624 1715 687 1777 τοῦ
711 1711 845 1797 Θησέως
871 1708 1083 1778 καταλύσασα
1101 1703 1192 1800 ἠξίου
1217 1705 1281 1786 τόν
1347 1789 1352 1796 ¹

184 1814 377 1886 Ἱππόλυτον
403 1823 529 1904 μιγῆναι
552 1815 645 1907 αύτῇ·
668 1812 879 1899 ἀντειπόντος
901 1822 929 1886 δ’
953 1819 1076 1886 ἐκείνου
1103 1820 1185 1908 φασὶ
1213 1815 1278 1904 την

190 1929 333 2014 Φαίδραν
365 1922 590 2012 ἀγανακτῆσαι,
617 1927 670 1993 καὶ
698 1928 944 1997 ἐπανελθοῦσαν
972 1927 1019 2009 εἰς
1046 1929 1105 2008 τοῖς
1133 1923 1281 2019 Ἀθήνας

188 2035 295 2104 εἰπεῖν
314 2039 361 2124 cpi
386 2040 488 2122 Θησεῖ
509 2032 594 2102 διότι
620 2033 798 2120 ἐπεβάλετο
817 2033 1013 2117 Ἱππόλυτος
1038 2032 1118 2128 αύτῇ
1140 2043 1279 2125 μιγῆναι.

189 2147 323 2234 Θησέως
344 2146 380 2212 δὲ
400 2141 606 2228 διστάζοντος
627 2147 705 2232 περὶ
732 2147 790 2232 τῆς
822 2148 974 2236 διαβολῆς
1000 2149 1054 2214 καὶ
1082 2145 1141 2214 τόν
1165 2143 1280 2214 Ἱππό-

189 2256 285 2321 λυτον
305 2247 602 2339 μεταπεμπομένου
625 2252 710 2339 πρός
732 2252 790 2322 τόν
812 2253 951 2344 ἔλεγχον,
975 2258 1102 2342 Φαίδρα
1128 2258 1188 2341 μέν
1216 2280 1281 2345 φο-

188 2368 333 2450 βηθεῖσα
353 2361 412 2430 τόν
434 2355 610 2448 ἐξετασμόν
638 2358 856 2449 α’νεκρέμασεν
876 2362 999 2452 ἑαυτήν,
1027 2361 1222 2444 Ἱππόλυτος
1242 2367 1283 2432 δὲ

188 2469 431 2558 ἁρματηλατῶν,
465 2468 510 2551 ιός
542 2463 661 2558 ἤκουσε
693 2469 734 2538 τό
755 2472 911 2560 περὶτῆς
931 2475 1092 2561 διαβολῆς,
1116 2468 1282 2559 συνεχύθη

189 2582 247 2671 την
278 2580 396 2668 ψυχήν,
430 2581 484 2647 καὶ
516 2579 569 2648 διὰ
596 2585 695 2648 τούτο
725 2586 791 2648 τῶν
820 2583 937 2647 ἵππων
969 2583 1198 2668 ταραχθέντων
1225 2585 1284 2648 καὶ

190 2689 467 2775 ἐπισπασαμένων
488 2683 589 2758 οιύτόιι
610 2696 682 2770 ταῖς
705 2688 819 2777 ἡνίαις,
847 2690 963 2777 συνέβη
989 2691 1046 2757 τόν
1074 2692 1133 2776 μέν
1162 2691 1283 2780 δίφρον

190 2799 408 2886 συντριβῆναι,
431 2797 469 2866 τό
492 2801 528 2866 δὲ
548 2795 716 2886 μειράκιον
724 2800 891 2884 Ιἐμπλακὲν
911 2805 982 2880 τοῖς
996 2797 1106 2885 ῖμοῖσιν
1116 2797 1284 2887 ἑλκυσθῆ-

191 2933 241 2974 ναι
263 2909 316 2974 καί
337 2910 533 2998 τελευτῆσαι.
575 2912 664 2977 Haec
687 2912 821 2978 contulit
834 2912 983 2980 Monkius
1006 2933 1077 2979 cum
1100 2913 1283 2997 fragmento

190 3019 393 3104 Asclepiadis
405 3019 685 3106 upoypdccps‘omv,
700 3021 800 3087 schol.
810 3023 902 3088 Hom.
914 3020 1090 3088 Odaaal:
1108 3020 1280 3105 Φαίδρα-

191 3123 229 3192 τό
250 3129 309 3211 μέν
329 3131 463 3212 πρῶτον
481 3124 569 3213 ῖερόν
594 3120 792 3216 Ἀφροδί-της
809 3129 842 3196 έν
863 3121 1020 3216 Ἀθήναις
1048 3124 1210 3213 ἱδρύσατο,
1239 3125 1281 3194 τδ

190 3245 246 3302 νῦν
264 3232 724 3321 Ἱππολύτειονκαλούμενονι
745 3247 841 3322 atque
863 3239 1034 3305 admodum
1048 3238 1145 3305 facilc
1161 3237 1281 3304 conici-

192 3365 261 3412 mus
285 3346 420 3413 Diodori
442 3348 657 3414 narrationem
680 3348 722 3413 ad
744 3327 936 3432 tragicorum
955 3348 1081 3415 fabulas
1103 3347 1281 3414 conforma·

192 3464 257 3524 tam
281 3475 361 3522 csse.
407 3456 471 3522 Sed
492 3457 633 3530 minime,
653 3457 788 3540 quadrat
812 3456 847 3522 in
873 3463 1014 3523 nostram
1040 3457 1182 3522 fabulam
1203 3457 1284 3521 Dio·

193 3565 263 3632 dori
285 3566 436 3646 narratio,
461 3567 570 3649 aliqua
592 3575 747 3650 exparte
779 3573 864 3632 certe
891 3566 925 3632 in
946 3587 986 3632 ea
1008 3585 1091 3650 quae
1115 3566 1155 3632 de
1168 3566 1284 3632 Velato

193 3675 320 3742 scimus.
381 3676 485 3758 Atque
519 3681 553 3740 ut
585 3675 741 3741 coniciam
774 3675 1033 3759 interpolatorem
1064 3695 1094 3740 v.
1116 3675 1239 3739 29-33
1262 3693 1285 3740 a

193 3786 307 3852 Velato
328 3783 507 3869 Hippolyto
529 3789 704 3850 mutuatum
727 3803 796 3849 essc
818 3785 925 3868 potius
953 3804 1047 3867 quam
1070 3803 1090 3848 a
1110 3783 1285 3868 Sophoclis

196 3875 345 3959 Phaedra
366 3892 488 3957 faciunt
509 3893 655 3957 nonnulli
676 3893 738 3958 loci
762 3901 888 3959 nostrae
909 3892 1038 3960 fabulae
1062 3893 1144 3958 falso
1171 3891 1287 3958 inserti

194 4003 337 4087 proiecto
359 3992 536 4087 lduripidci,⁸
558 4001 599 4068 de
621 4003 737 4085 quibus
760 4022 831 4067 mox
854 4002 1074 4086 disputaturus
1096 4023 1174 4068 sum.
1209 4000 1287 4068 Per·

140 4203 142 4208 ,
194 4131 307 4198 gamus
329 4110 370 4176 ad
391 4129 420 4176 v.
434 4111 574 4174 34-402
