2842 4870
701 331 736 386 42

174 517 283 564 omnes
305 519 384 582 quos
406 499 552 566 Prinnins
573 509 628 566 ant
651 503 684 566 in
708 505 884 587 marginem
912 502 1069 585 relegavit
1089 507 1145 568 ant
1166 502 1259 566 unois

175 607 304 672 inclusit
319 613 350 672 el
369 615 535 693 praeterea
548 612 712 675 308-310
728 611 769 676 ab
791 610 932 678 Hirnelio
945 609 1000 686 (de
1021 611 1094 676 lior.
1110 610 1144 674 in
1159 629 1263 692 oomp.

173 714 237 782 div.
261 722 339 796 arte,
362 716 415 800 88)
450 717 602 797 damnati,
635 722 704 784 332.
730 723 792 786 333
820 741 841 785 a
868 721 1025 803 Nauokio,
1051 719 1213 784 645-647
1240 739 1264 784 a

173 824 348 908 Badhamo,
371 827 432 892 943
454 847 474 890 a
495 827 650 896 Nanokio.
701 831 751 896 De
775 831 950 912 ooo—672,
972 849 1051 912 qnos
1073 827 1175 894 deleri
1196 828 1265 894 vult

174 931 380 1016 Hartungius,
407 939 456 998 est
485 932 620 1000 fortasse
641 954 696 1002 our
718 935 855 1002 dubites.

570 1263 863 1274 ...--—·--·--··-·--·---

582 1545 623 1656 J
697 1572 740 1637 11.

380 1791 430 1840 Dm
451 1791 647 1842 HIPPOLYTI
669 1788 1055 1842 INTERPOLATIONIBVS.

256 1945 324 2016 ¹De
355 1945 487 2028 prologo
521 1945 754 2028 disputaturum
787 1944 963 2028 paullisper
995 1942 1090 2006 leotio
1123 1947 1268 2006 moratur

175 2054 227 2118 vel
249 2053 448 2118 emendanda
470 2055 521 2120 vel
543 2052 744 2120 stabilienda.
788 2053 826 2117 In
841 2053 909 2144 ¹v.l
933 2070 1022 2134 sqq.:

326 2175 438 2266 Πολλὴ
459 2178 517 2261 μὲν
540 2179 573 2244 ἐν
593 2182 743 2261 βροτοῖσι
764 2171 845 2242 κοόκ
867 2167 1035 2258 ἀνώνυμος

325 2282 390 2352 θεὰ
411 2275 563 2372 κέκλημαι
586 2284 717 2370 Κύπρις
737 2289 877 2371 οὐρανοῦ
900 2287 927 2349 τ’
952 2283 1028 2366 ἔσω,
1057 2284 1060 2291 ’

326 2391 399 2462 όσοι
420 2421 455 2462 τε
478 2392 601 2461 πόντου
623 2391 790 2480 τερμόνων
812 2399 841 2460 τ’
863 2387 1079 2460 Ἀτλαντικῶν

194 2553 197 2559 -
324 2505 467 2572 ναίουσιν
489 2501 567 2573 είσω
593 2506 658 2571 κτλ.

176 2632 325 2716 displioet
354 2654 388 2694 τε
421 2655 450 2698 v.
467 2633 494 2696 3.
550 2633 584 2698 Si
610 2633 699 2698 nulla
730 2631 859 2697 deornm
893 2631 1010 2697 mentio
1041 2630 1261 2708 intercederet,

175 2742 257 2806 bene
278 2749 408 2826 possent
442 2741 591 2826 coniungi
627 2761 683 2824 per
699 2764 745 2804 τε
768 2741 865 2806 verba
885 2739 1038 2823 κέκλημαι
1063 2745 1094 2804 et
1115 2733 1264 2823 σφάλλω,

176 2849 232 2914 sed
255 2849 350 2914 siouti
372 2870 422 2915 res
439 2871 473 2916 se
490 2850 586 2914 habet
600 2869 671 2915 eam
686 2849 933 2932 explicationem
953 2847 1177 2914 diffieillimam
1192 2868 1265 2913 esse

176 2977 239 3023 non
260 2957 405 3042 negabis.
447 2961 489 3025 At
505 2959 599 3024 ¹nullo
625 2958 718 3023 modo
748 2965 888 3023 statuere
916 2977 1083 3041 possumus
1107 2959 1170 3021 v.3
1199 2963 1265 3020 ter-

176 3067 255 3132 tium
273 3065 425 3150 quiddam
457 3066 499 3133 ad
526 3067 675 3131 mortales
708 3072 739 3131 et
760 3065 802 3130 ad
825 3065 955 3132 deorum
976 3085 1076 3150 genus
1099 3064 1262 3131 aooedere.

176 3175 323 3262 Propono
355 3175 557 3244 scribendum
589 3173 625 3238 δέ
657 3195 715 3258 pro
747 3172 791 3258 τὲ,
825 3182 921 3258 atque
954 3169 1027 3260 post
1056 3169 1121 3238 ἔσω
1145 3173 1178 3238 in
1199 3173 1265 3238 fine

176 3288 241 3352 v.2
263 3292 379 3369 pnnoto
402 3282 697 3367 interpungendum.
1227 3284 1229 3290 ’

277 3534 313 3600 V.
338 3536 386 3602 19.
431 3535 527 3601 Certa
557 3533 685 3600 videtur
701 3490 794 3598 ⁸milri
818 3533 952 3598 Porsoni
983 3531 1162 3600 emendatio
1193 3550 1267 3597 esse

177 3634 305 3724 ὁμιλίαν
327 3663 384 3727 pro
407 3637 536 3727 ὁμιλίας
557 3642 737 3708 scribentis.
781 3640 968 3724 Legendum
990 3646 1052 3706 est:

340 3804 343 3814 .
374 3767 474 3850 μείζω
495 3766 644 3851 βροτείας
666 3761 867 3849 προσπεσών
889 3760 1025 3848 ὁμιλίαν.

278 3996 316 4062 In
337 4015 366 4061 v.
389 3997 438 4060 22.
461 3997 518 4061 23:

323 4096 519 4168 Ἱππόλυτον
541 4101 574 4168 ἐν
595 4103 662 4192 τῇδ’
689 4099 806 4189 ἡμέρᾳ·
828 4097 868 4166 τό
891 4095 998 4166 πολλὰ
1021 4098 1056 4166 δὲ

327 4205 429 4279 πάλαι
449 4204 649 4297 προκόψαιί,
675 4201 713 4278 οὗ
735 4203 841 4276 πόνου
860 4208 991 4276 πολλου
1011 4232 1052 4292 μυ
1075 4208 1126 4274 δεῖ
