2842 4870
710 315 746 381 sc

183 490 278 564 esse?
311 496 349 563 ln
371 496 538 582 tragoedia
560 498 753 566 mentiuntur
774 499 886 566 herces
909 499 963 566 ubi
986 498 1067 565 satis
1082 505 1130 566 est
1144 518 1274 584 causae,

181 626 283 689 nequo
305 607 454 690 cuiquam
487 627 549 673 non
583 608 691 673 statim
724 609 854 675 venient
885 608 919 674 in
944 615 1081 674 mentem
1113 607 1272 692 exempla.

180 717 284 799 Atque
306 715 453 782 hocloco
473 737 604 792 necesse
627 725 695 783 erat
725 725 853 801 poetam
874 718 1044 784 Admetum
1066 719 1272 784 mentientem

180 825 319 908 fingere:
341 826 428 892 nullo
451 826 515 891 alio
538 826 631 893 modo
652 827 809 910 potuisset
823 827 954 893 Herculi
976 835 1084 911 partes
1107 827 1140 892 in
1163 826 1275 892 tabula

181 935 268 1018 dare,
289 942 374 1000 certe
394 934 523 1017 quidem
544 955 608 1000 non
630 955 685 1001 eas
707 942 814 1020 partes
837 955 918 1018 quas
940 934 1018 1001 dare
1041 936 1151 1002 voluit.
1206 935 1272 1001 Sed

180 1046 293 1127 quaeri
308 1045 403 1110 debet
423 1064 478 1110 our
492 1045 646 1110 Admetus
661 1046 714 1110 cui
730 1044 860 1128 quidem
873 1045 1002 1112 mentiri
1024 1053 1143 1112 certum
1165 1046 1273 1128 fuerit,

179 1175 243 1220 non
265 1153 455 1238 simpliciter
477 1155 642 1238 negaverit
663 1154 817 1221 Alcestim
840 1173 910 1220 esse
931 1160 1097 1238 mortuam,
1127 1175 1273 1220 currem

178 1269 225 1330 tot
246 1263 435 1346 ambagibus
459 1263 636 1328 involverit.
673 1263 771 1328 Suam
793 1263 873 1329 haec
895 1283 1021 1346 quoque
1042 1264 1273 1330 res'raticnem

179 1371 284 1437 habet.
326 1372 445 1437 Nostro
479 1372 548 1437 loco
581 1391 712 1436 necesse
745 1378 814 1438 crat
843 1372 1012 1438 Herculem
1046 1371 1086 1437 de
1107 1371 1273 1438 Alcestide

179 1501 352 1563 quaerere:
381 1480 522 1545 vicariae
544 1481 654 1545 mortis
676 1480 804 1545 consilii
826 1480 911 1562 quod
939 1487 1070 1564 ceperat
1097 1481 1156 1546 ille
1185 1501 1274 1546 men·

178 1593 298 1658 tionem
320 1597 375 1656 aut
396 1590 450 1654 hic
471 1589 577 1654 faeere
600 1595 727 1673 poetam
749 1607 878 1654 necesse
898 1596 966 1654 erat
988 1598 1043 1655 aut
1064 1589 1108 1656 ad
1120 1589 1271 1680 Herculis

179 1707 210 1766 et
222 1699 304 1765 servi
320 1697 498 1764 diverbium
515 1699 575 1764 803
591 1717 658 1781 sqq.
680 1697 816 1775 differre,
832 1698 957 1764 etmihi
973 1697 1103 1781 quidem
1124 1700 1271 1765 sollerter

179 1809 234 1874 ille
255 1807 382 1874 videtur
403 1807 518 1890 egisse,
543 1807 597 1889 qui
619 1806 702 1872 hanc
725 1828 790 1872 rem
819 1828 890 1873 cum
911 1808 1040 1873 Admeti
1070 1807 1275 1892 falsanega·

178 1917 265 1983 tione
287 1917 496 2008 coniunxerit.
540 1917 644 1999 Atque
665 1915 700 1980 id
722 1916 806 1999 quod
829 1939 891 1981 non
913 1917 1039 1982 efficere
1062 1911 1218 2000 potuisset
1239 1918 1272 1982 si

49 2052 51 2058 ¹
178 2027 332 2092 Admetus
355 2033 461 2090 nostro
483 2025 553 2090 loco
576 2024 618 2088 ad
640 2025 786 2090 Herculis
809 2025 1091 2110 interrogationem
1114 2045 1172 2111 per
1194 2040 1273 2091 NON

178 2135 405 2220 respondisset,
427 2133 580 2198 facillime
603 2133 709 2198 effecit
723 2133 859 2199 Admeto
882 2155 940 2217 per
962 2150 1118 2201 NONDVM
1141 2155 1272 2217 respon-

178 2244 282 2311 dente.
320 2243 396 2307 Alia
427 2250 476 2306 est
507 2243 652 2324 quaestio
684 2262 740 2307 our
772 2247 887 2325 poetae
919 2244 1002 2308 tanti
1024 2243 1120 2308 fuerit
1142 2241 1272 2306 Admeti

178 2353 284 2419 verbis
305 2373 335 2418 v.
351 2346 438 2414 533:

327 2467 469 2551 ὀθνεῖος,
490 2464 596 2552 ἄλλως
617 2475 645 2541 δ’
668 2459 706 2564 ἦν
727 2467 881 2560 ἀναγκαία
903 2470 1018 2559 δόμοις

178 2594 210 2654 et
231 2588 291 2651 535

326 2688 451 2773 πατρὸς
472 2687 634 2769 θανόντος
655 2687 765 2757 ἐνθάδ’
787 2682 996 2779 deputatae

177 2837 324 2904 veritatis
346 2836 484 2921 speciem
507 2834 593 2902 dare.
639 2835 722 2900 Dico
751 2841 879 2919 poetam
913 2834 1087 2900 secundum
1118 2840 1271 2899 naturam

178 2948 291 3030 egisse.
340 2947 443 3012 Nemo
475 2965 571 3010 sanus
603 2943 673 3010 sine
703 2964 802 3011 causa
834 2944 993 3021 mentitur,
1031 2950 1062 3008 et
1094 2943 1149 3026 qui
1179 2942 1212 3007 in
1233 2962 1270 3007 re

177 3055 290 3120 tallere
321 3055 398 3136 vult,
427 3053 509 3119 vitat
541 3061 648 3118 tamen
681 3053 714 3117 in
749 3053 858 3120 verbis
890 3059 1034 3136 apertum
1055 3050 1270 3117 mendacium.

177 3165 315 3228 Maxime
335 3169 409 3228 sunt
429 3163 509 3228 haec
532 3163 659 3244 Admeti
678 3162 803 3227 levitati
825 3171 911 3246 apta.
956 3162 1042 3227 Bene
1066 3162 1164 3244 igitur
1184 3158 1270 3224 dixit

177 3274 378 3338 Hermannus
421 3272 606 3355 Euripidem
647 3271 707 3337 hcc
748 3271 818 3338 loco
859 3291 930 3338 esse
965 3270 1172 3337 laudandum.
1225 3268 1270 3334 At

177 3390 282 3448 tamen
315 3380 492 3448 diverbium
527 3379 755 3446 additamentis
791 3380 924 3446 liberum
961 3400 1024 3445 non
1053 3387 1111 3446 est,
1155 3376 1267 3461 Spurii

177 3498 250 3555 sunt
271 3491 341 3555 526.
364 3491 445 3556 527:

260 3636 329 3696 ΗΡ.
358 3619 387 3709 ἆ,
411 3630 455 3720 μή
478 3625 629 3713 πρόκλαι’
651 3621 783 3709 ἄκοιτιν,
808 3627 855 3708 εἷς
875 3624 943 3696 τόδ’
964 3623 1140 3711 ἀναβαλοῦ.

260 3743 334 3808 ΑΔ.
356 3740 485 3824 τέθνηχ’
509 3735 527 3803 ὁ
549 3740 683 3822 μέλλων,
706 3730 831 3806 κούκέτ’
855 3737 929 3804 ἔσθ’
954 3735 972 3803 ὁ
995 3732 1176 3806 κατθανών.

177 3883 214 3948 Id
236 3884 349 3949 saltem
365 3883 536 3949 concedes:
560 3883 739 3950 diverbium
753 3882 804 3950 his
819 3882 966 3948 versibus
980 3881 1144 3948 maculari.
1183 3880 1268 3944 Nam

175 3995 258 4058 male
284 3993 486 4058 continuatur
507 3994 568 4058 528
581 3977 660 4059 ⁴cum
684 3994 755 4057 527.
813 3992 917 4075 Atque
950 3993 1078 4075 ineptus
1112 3997 1161 4055 est
1182 3989 1266 4053 527:

176 4121 254 4168 sono
275 4122 339 4167 ncn
361 4103 447 4185 capti
480 4100 613 4166 reddere
640 4100 735 4166 istum
763 4120 890 4166 versum
922 4116 1089 4164 conemur:
1126 4104 1270 4164 mortum

175 4215 220 4276 est
241 4212 294 4294 qui
314 4213 485 4276 moriturus
506 4215 559 4293 est,
589 4215 679 4293 utque
699 4211 753 4292 qui
774 4214 912 4276 mortuus
938 4214 983 4274 est
1011 4228 1075 4274 αονν
1095 4207 1160 4274 tario
1180 4206 1267 4274 uicit.
