2842 4870
676 413 711 466 37

153 583 260 650 Solent
281 575 359 650 sane
380 585 526 667 argutiae
543 583 738 668 Euripideue
758 587 866 670 paullo
882 588 1040 652 acutiores
1059 606 1138 654 esse.
1162 587 1237 653 For-

151 694 234 760 sitan
254 692 418 759 desideres
440 713 569 760 sensum
590 711 617 759 v.
642 695 721 759 526:

294 787 324 879 o'e,
347 797 392 886 μὴ
414 798 563 886 πρόκλαι’
587 793 720 882 ἄκοιτιν,
745 800 792 881 εἷς
812 799 880 869 τόδ’
905 796 1075 886 ἀναβαλοῦ.

120 980 128 992 .
151 927 213 994 Sed
234 927 319 994 idem
340 949 453 995 sensus
476 930 555 996 satis
579 930 684 996 lucide
707 951 877 1016 expressus
900 938 949 998 est
970 953 999 998 v.
1022 933 1083 996 528

294 1053 393 1137 χωρὶς
413 1049 451 1119 τό
474 1055 501 1118 ν’
525 1045 607 1120 εἶναι
629 1053 683 1120 καὶ
703 1051 741 1121 τὸ
763 1051 807 1145 μή
830 1055 1003 1140 νομίζεται.

148 1163 251 1264 Atque
266 1179 435 1271 mendosus
445 1188 495 1248 est
504 1183 575 1246 526.
597 1182 670 1248 Non
682 1182 762 1248 illud
773 1175 933 1262 ἀναβαλοῦ
949 1182 1030 1266 dico,
1043 1203 1116 1249 nam
1130 1183 1236 1252 facilis

149 1298 195 1354 est
206 1289 336 1354 Naueki
357 1290 510 1355 correctio
532 1289 587 1373 qui
598 1290 634 1355 Ε.
647 1291 681 1356 S.
696 1293 737 1356 ΙΙ.
757 1293 797 1356 64
818 1292 906 1356 iubet
920 1290 1059 1358 scribere
1076 1282 1236 1373 ἅμβαλοῦ.

149 1396 212 1462 Sed
224 1397 357 1463 offendit
375 1383 397 1460 ἆ
414 1397 604 1464 interiectio.
636 1399 768 1464 Placide
785 1399 870 1464 enirn
889 1409 920 1465 et
944 1399 1080 1482 benigne
1097 1400 1237 1482 loquitur

148 1505 307 1572 Hercules.
341 1506 439 1592 Atqui
460 1506 544 1572 hanc
558 1508 703 1572 voculam
723 1508 769 1572 ita
784 1515 976 1592 usurparunt
990 1508 1106 1591 tragici
1120 1516 1234 1592 poetae

149 1622 181 1681 ut
201 1615 415 1698 exprimerent
438 1636 566 1682 sensum
582 1617 682 1682 aninri
697 1617 885 1700 gravissime
901 1619 1057 1696 commoti,
1073 1624 1129 1682 aut
1142 1617 1236 1684 vehe-

148 1730 268 1788 menter
291 1724 479 1791 admirantis
495 1726 744 1810 indignantisve‚
767 1733 822 1791 aut
840 1733 925 1792 metu
947 1725 998 1793 vel
1013 1727 1142 1792 horrore
1157 1732 1236 1792 atto-

147 1830 216 1897 niti.
258 1817 346 1897 'Loci
366 1829 544 1918 Euripidei,
578 1855 641 1900 uno
674 1841 803 1918 propter
837 1834 1051 1918 suspicionem
1086 1855 1181 1917 quarn
1202 1834 1236 1900 in

118 1940 247 2006 -altera
278 1941 492 2024 appendicula
520 1944 700 2027 explanabo
733 1940 874 2028 e‘xcepto,
909 1943 943 2008 hi
964 1949 1057 2009 sunt:
1089 1945 1156 2009 Alc.
1186 1946 1235 2010 28.

146 2048 226 2125 And.
243 2049 332 2116 1076.
354 2051 471 2116 Bacch.
487 2054 557 2117 586.
568 2054 638 2118 596.
662 2054 737 2118 Hec.
756 2051 1236 2144 1069.Hel.445(100ustamen

146 2159 335 2242 suspectus).
356 2160 483 2226 Hercul.
500 2161 589 2226 1052.
613 2161 783 2246 chl.565.
805 2161 891 2226 Med:
901 2162 991 2225 1055.
1015 2159 1067 2226 Or.
1082 2161 1150 2226 145.
1165 2161 1235 2225 274.

149 2268 228 2332 1598
243 2271 276 2333 ¹⁷.
325 2267 451 2334 Deinde
480 2269 520 2334 de
543 2270 599 2334 illo
621 2265 668 2346 εἰς
689 2263 775 2354 πόδε,
798 2268 849 2334 vel
872 2269 900 2334 si
916 2256 1163 2334 Wakefieldium
1184 2289 1234 2334 se·

148 2378 281 2460 quimur,
304 2372 350 2452 εἰς
370 2370 455 2454 τότε,
479 2378 598 2444 dubito.
636 2380 699 2445 Vix
723 2379 802 2444 satis
826 2377 905 2443 mihi
925 2378 1050 2443 videtur
1081 2379 1236 2463 exemplis

149 2483 278 2550 defendi
289 2489 423 2570 utraque
436 2489 532 2552 lectio
547 2488 666 2554 talibus
682 2487 792 2571 qualia
807 2493 881 2554 sunt
892 2488 1009 2554 Herod.
1026 2489 1096 2553 VII.
1112 2491 1151 2552 29
1174 2483 1235 2571 ἐγώ

147 2591 221 2656 ἐπεί
234 2615 277 2685 σε
299 2591 439 2678 ἐξῆλθον
459 2588 521 2678 τήν
535 2593 683 2678 Περσίδα
704 2587 819 2679 χώρην,
844 2587 951 2660 οὐδενὶ
973 2587 1064 2680 dodoi
1086 2596 1237 2679 συνέμιξα

146 2699 179 2778 ἐς
201 2695 286 2780 τόδε,
321 2697 410 2780 ὅστις
439 2695 581 2791 ἠθέλησε
611 2704 711 2785 ξείνια
741 2707 919 2788 προθεῖναι
945 2705 1142 2792 supercingi
1166 2701 1236 2792 ἐμῷ

145 2811 370 2896 autSoph.Ai.
387 2813 468 2877 1185
490 2814 524 2878 in
546 2813 668 2878 melicis
690 2811 739 2890 τίς
753 2803 817 2896 ἄρα
839 2813 951 2890 νέατος
972 2793 1019 2892 εἰς
1041 2809 1124 2879 πότε
1146 2809 1234 2900 λήξει

144 2914 403 3004 πολυπλάγκταν
426 2918 527 2987 ἐτέων
546 2912 707 3006 ἅριθμός,·

245 3140 294 3205 De
317 3141 496 3206 718-721ε
531 3173 534 3178 ·

232 3251 296 3314 ΦΕ.
334 3239 425 3314 οὗτοι
446 3244 532 3332 πρὸς
552 3244 643 3338 ἡμῶν
663 3251 689 3334 γ’
713 3241 821 3316 ὤλετ’·
843 3243 906 3315 ουίι
927 3251 1012 3333 ἐρεῖς
1031 3246 1117 3316 πόδε.

230 3361 304 3423 ΑΔ.
332 3357 409 3444 φεῦ.

318 3459 401 3531 εἴθ’
424 3458 542 3549 ἀνδρὸς
564 3463 679 3544 ἔλθοις
699 3466 798 3533 τοῦδέ
819 3467 901 3562 γ’,ιὲς
922 3465 1031 3552 χρείαν
1053 3466 1145 3532 ποιὲ.

233 3578 297 3639 ΦΕ.
333 3567 492 3661 poponens
514 3570 647 3653 πολλάς,
671 3571 717 3654 οἷς
737 3570 868 3642 θάνωσι
890 3574 1047 3653 πλείονες.
1175 3579 1235 3643 720
1307 3603 1311 3612 ·

230 3688 305 3750 ΑΔ.
333 3683 387 3749 σοὶ
407 3680 495 3748 τοῦτ’
518 3671 658 3760 ὄνειδος·
682 3673 720 3746 οὐ
741 3677 798 3766 γὰρ
821 3673 940 3768 ἤθελες
960 3686 1085 3747 θανεῖν.

141 3792 362 3879 Expellendos
389 3813 460 3859 esse
483 3798 560 3878 puto
576 3791 644 3856 719.
660 3793 730 3856 720.
773 3791 925 3874 Disiungi
952 3811 1015 3856 non
1042 3798 1146 3876 potest
1175 3792 1233 3855 721

142 3925 165 3969 a
189 3904 261 3984 718,
283 3902 345 3968 nisi
366 3902 448 3968 forte
469 3899 595 3966 iudicas
618 3898 761 3983 legitime
787 3899 874 3964 omni
895 3919 980 3964 nexu
1009 3899 1132 3984 privari
1155 3898 1236 3965 illud

249 4129 280 4179 17
300 4127 391 4180 Sciens
410 4125 489 4180 omisi
508 4125 578 4194 (lyci.
593 4125 651 4193 157,
671 4124 718 4178 ubi
738 4123 853 4192 Silenus,
871 4125 973 4194 quippe
992 4125 1040 4192 qui
1059 4141 1110 4192 pro
1129 4141 1234 4178 summo

140 4223 387 4293 biberispenitus
405 4223 533 4293 respirat,
559 4241 640 4292 quem
666 4221 819 4278 anhelitum
841 4221 976 4291 expressit
998 4227 1081 4291 poeta
1099 4223 1197 4278 vocula
1218 4213 1234 4274 ἆ

140 4325 190 4376 ter
208 4320 336 4390 repetita.
