2842 4870
730 337 764 390 24

204 532 313 593 nexus,
341 531 435 593 quem
461 531 578 576 nexum
604 509 698 576 lbede
720 516 870 594 rumpunt
891 529 1002 575 versus
1024 507 1204 594 interpositi
1230 509 1290 572 132
1394 541 1395 552 ¹

208 622 304 685 -135
327 640 347 684 a
368 640 402 684 re
424 619 532 685 alieni.
569 619 682 701 Neque
708 625 814 685 tamon
839 638 921 702 nego
951 619 985 685 in
1013 619 1060 684 eis
1091 617 1215 700 aliquid
1242 619 1290 682 in-

204 750 274 796 esse
294 729 381 812 6666
401 728 556 811 tragicam
572 728 830 812 poesim'sapiat.
863 726 1012 792 Fortasse
1028 727 1195 792 materiam
1216 746 1290 792 666-

203 860 272 905 rum
293 858 441 904 versuum
463 857 504 902 ex
527 837 592 901 alia
613 833 724 906 fabula
745 834 940 917 conquisivit
961 835 1171 918 interpolator
1192 841 1290 917 atque
1395 849 1396 858 ¹

203 949 275 1032 6166
298 935 409 1012 'minus
441 944 637 1011 decurtatam
674 945 708 1008 in
733 949 874 1010 nostrum
907 944 1012 1008 loenm
1046 943 1189 1010 inseruit.
1254 942 1292 1008 si
1396 1019 1397 1022 Ἴ

205 1045 335 1139 quaeris
355 1075 411 1121 eur
440 1053 501 1119 iste
528 1051 721 1117 iudicaverit
747 1070 826 1135 opus
849 1069 919 1116 esse
946 1049 1174 1134 additamento,
1207 1049 1290 1115 hane
1396 1037 1397 1044 '

205 1185 347 1250 propono
369 1164 593 1245 eoniaoturam,
616 1160 806 1244 oredo‚‚non
828 1159 1081 1242 improbabilem.
1119 1158 1291 1228 Desidera—
1396 1145 1397 1182 ³

203 1275 260 1340 bat
292 1292 399 1338 sooors
433 1272 589 1356 interpres
625 1268 791 1354 praeteriti
826 1268 977 1354 temporis
1009 1267 1204 1334 mentionem
1236 1265 1289 1332 eui

205 1381 325 1465 opponi
347 1387 457 1464 posset
477 1399 541 1444 vox
563 1379 618 1442 νῦν
637 1400 665 1443 v.
685 1380 753 1460 130,
775 1397 878 1461 66666
903 1370 981 1445 satis
1004 1377 1211 1459 intellegebat
1236 1394 1293 1442 eur
1397 1435 1398 1476 ,

205 1496 411 1555 memoratum
433 1489 547 1554 fuisset
568 1506 721 1571 praesum
735 1493 869 1571 tempus.
911 1486 976 1554 Sed
997 1505 1055 1552 666
1072 1485 1136 1551 iam
1151 1485 1292 1553 vidimus

206 1600 338 1664 voculae
365 1599 420 1660 νῦν
442 1616 571 1681 prorsus
596 1597 692 1662 aliam
719 1616 790 1662 esse
811 1595 889 1660 vim:
923 1615 985 1661 non
1011 1596 1144 1678 opponit
1167 1601 1292 1678 tempus

205 1726 358 1791 praesens
396 1706 579 1790 praeterito,
612 1705 669 1772 sed
695 1726 805 1771 verum
834 1705 891 1787 qui
915 1704 1008 1770 adest
1043 1725 1148 1774 rerum
1174 1709 1293 1769 statum
1398 1727 1399 1732 ¹

102 1868 110 1888 .
206 1817 303 1881 statui
326 1821 477 1897 exoptato
498 1815 557 1896 qni
577 1834 641 1879 non
663 1814 727 1879 iam
749 1814 873 1897 sperari
894 1816 1040 1897 potest¹³.

653 1997 848 2006 -κ--ιη--ι-

304 2114 354 2180 De
375 2136 404 2180 v.
431 2115 604 2179 141-151.

306 2222 422 2289 Censet
436 2222 608 2288 Muellerus
626 2223 743 2306 (progr.
751 2203 863 2326 ⁸gymn.
879 2224 1072 2308 Burgrstt,
1088 2243 1118 2306 p.
1135 2225 1168 2300 6)
1183 2223 1294 2288 6144.
1377 2235 1381 2246 ’

209 2332 266 2396 145
292 2337 364 2414 post
388 2331 446 2395 149
474 2331 676 2399 oollooandos
704 2352 783 2398 6666.
842 2333 922 2398 Mihi
954 2340 1061 2398 tamen
1098 2330 1295 2416 persuadere

209 2493 403 2504 ——-

306 2576 338 2627 13
360 2574 441 2629 Hune
466 2592 575 2658 sensum
597 2555 758 2630 voenlarum
785 2577 833 2628 νῦν
856 2576 890 2630 δέ
909 2575 983 2646 apud
1007 2575 1117 2630 Atticos
1144 2575 1294 2647 scriptores

208 2669 356 2725 admodum
380 2671 553 2739 frequentem
578 2688 635 2725 esse
659 2673 762 2725 nemini
785 2689 841 2725 non
864 2677 960 2726 notum
980 2675 1030 2726 est.
1068 2671 1189 2726 Alterius
1212 2672 1294 2724 huius

208 2767 342 2820 formulae
361 2785 463 2836 sensus,
484 2767 531 2836 qui
545 2771 653 2836 tempus
667 2785 796 2836 praesens
814 2769 965 2836 praeterito
984 2769 1109 2839 opponit,
1128 2769 1202 2837 apud
1220 2767 1294 2820 Thu·

124 2895 134 2916 ·
208 2863 334 2932 oydidem
352 2868 380 2917 et
398 2863 509 2931 Lysiam
532 2865 658 2932 exempla
680 2881 731 2933 pro
754 2864 882 2933 portione
903 2882 992 2934 66666
1010 2865 1155 2932 inveneris,
1181 2864 1296 2918 alterins

212 2960 260 3028 qui
278 2963 373 3013 nostro
391 2959 450 3013 loeo
462 2960 630 3014 necessarius
649 2963 691 3012 est
703 2960 849 3027 permulta.
886 2959 965 3027 Quod
982 2964 1082 3030 poetae
1098 2978 1130 3014 ea
1142 2961 1226 3014 verba
1242 2959 1297 3014 hoe

211 3072 291 3108 sensu
313 3055 402 3107 minus
421 3058 590 3122 usurparunt
608 3072 663 3108 non
681 3055 781 3108 mirum
801 3060 851 3122 est,
874 3072 963 3124 66666
985 3059 1078 3110 tamen
1096 3055 1196 3108 vitavit
1214 3055 1294 3108 Euri·

209 3151 297 3220 pides.
333 3151 469 3219 Exempla
487 3168 551 3204 6666
570 3150 714 3219 Euripidei
731 3150 799 3208 haee
817 3150 899 3222 elegi:
918 3151 990 3204 And.
1008 3153 1050 3204 78.
1067 3151 1133 3204 Η66.
1146 3151 1295 3204 9001290.

209 3246 270 3300 Η61.
289 3247 349 3300 292.
368 3245 428 3300 998.
455 3246 521 3298 1161
547 3245 725 3314 (quamquam
749 3246 794 3301 hio
816 3248 891 3301 loeus
915 3245 1037 3300 nondum
1061 3256 1110 3314 est,
1133 3245 1207 3315 quod
1230 3245 1294 3310 6616,

210 3341 341 3411 sanatus).
366 3341 443 3395 1624.
479 3341 522 3395 El.
550 3343 625 3395 1027.
661 3343 772 3396 Hereul.
798 3344 858 3396 314.
882 3343 944 3396 440.
969 3343 1030 3397 669.
1066 3341 1210 3411 1116649.
1234 3343 1294 3395 669.

210 3435 269 3506 lph.
288 3437 351 3490 Aul.
371 3437 431 3490 966.
457 3437 532 3490 1214.
562 3435 608 3490 Or.
627 3437 687 3491 504.
716 3439 791 3491 1134.
828 3437 893 3492 Tro.
914 3440 991 3492 1171.
1027 3437 1129 3494 Phoen.
1150 3440 1209 3492 601.
1247 3437 1295 3492 Fr.

210 3533 270 3599 406,
289 3534 314 3585 6.
351 3532 411 3598 442,
431 3534 455 3585 9.
497 3533 556 3601 637,
576 3535 600 3586 7.
637 3533 696 3602 968,
715 3536 739 3587 3.
784 3533 837 3588 Sed
869 3534 916 3602 qui
947 3535 1038 3588 minus
1060 3539 1140 3590 66616
1168 3535 1244 3606 legit,
1270 3533 1295 3588 ia

210 3626 278 3681 talia
301 3626 382 3680 facile
411 3627 550 3698 intellegit
573 3645 710 3698 perverse,
744 3647 833 3698 neque
858 3629 911 3684 hoe
933 3631 1103 3686 solummodo
1129 3631 1189 3686 1666
1214 3629 1294 3684 Euri-

210 3723 291 3793 61666
326 3723 553 3793 interpolatorem
591 3713 713 3778 formula
748 3725 795 3778 νῦν
829 3725 863 3779 δέ
896 3726 1035 3780 excitavit.
1084 3726 1155 3781 Nam
1190 3726 1294 3794 aliquid

211 3819 283 3875 vidit
307 3819 443 3888 Steupius,
472 3821 520 3890 qui
542 3821 615 3876 Med.
636 3824 667 3873 11
692 3825 757 3890 notu
779 3839 830 3891 pro
853 3826 907 3892 μέν
930 3823 1051 3877 seribere
1077 3823 1166 3877 iubet:
1193 3823 1293 3876 inscius

211 3919 303 3970 temen
321 3917 520 3986 inopinansque
536 3917 735 3972 demonstravit
748 3917 883 3972 eiciendos
898 3936 956 3974 esse
978 3921 1089 3972 11-15.
1119 3919 1177 3972 lam
1192 3918 1295 3972 dudum

210 4011 340 4065 viderunt
371 4012 445 4067 docti
472 4013 527 4066 viri
554 4013 668 4068 Medeae
694 4015 840 4084 prologum
867 4013 1126 4083 interpolationibus
1154 4013 1295 4068 foedatum

212 4123 277 4169 6666,
296 4107 344 4162 sed
362 4125 448 4176 66666
466 4108 501 4163 66
519 4109 593 4164 hune
614 4109 687 4164 diem
704 4127 792 4179 nemo,
818 4110 892 4178 quod
910 4110 1003 4178 sciam,
1026 4109 1169 4165 damnavit
1186 4127 1295 4165 versum

211 4203 396 4262 damnandum
415 4205 457 4272 36,
477 4204 526 4276 661
544 4204 662 4262 absurde
680 4223 739 4268 rem
759 4205 793 4258 92
812 4222 851 4276 sq.
870 4205 1065 4264 declarandam
1084 4210 1207 4276 oooupat.
