2842 4870
556 397 686 449 ·18

125 565 270 652 pariendi
302 587 402 636 causa
433 567 590 653 pellamus
624 567 682 636 hos
715 568 779 636 duo
811 587 923 636 versus
945 575 1048 652 atque·
1070 567 1118 634 sie
1140 566 1216 634 scri-

124 678 254 749 bamus:

271 789 342 871 ἇᾶ.

271 912 304 978 τί
324 908 366 979 οὐ
389 908 475 995 πρὸς
491 908 692 997 peltaque,-
712 913 745 979 τί
766 912 809 980 οὐ·
826 913 903 1004 τῇδε
926 913 1058 991 reclusis,¹
1174 914 1214 978 29

273 1015 334 1089 οίκ
357 1013 474 1110 ἤρκεσέ
494 1013 550 1114 uqa
570 1019 675 1108 μόρον
694 1015 860 1110 Ἀδμήτου
1176 1025 1217 1088 32
1266 1036 1284 1078 0

272 1132 483 1217 διακωλῦσαι,
506 1132 639 1217 Μοίρας
660 1133 759 1220 δολίῳ

272 1237 433 1328 σφήλαντι
454 1241 564 1332 τέχνῃ;
585 1243 644 1308 νῦν
665 1243 692 1309 δ’
716 1241 772 1309 ἐπὶ
792 1241 860 1331 τῇδ’
883 1227 923 1306 αὖ
1042 1297 1045 1304 ,

273 1350 351 1434 χέρα
371 1347 491 1442 τοξήρη
514 1356 672 1441 φρουροῖς
692 1347 840 1433 ὁπλίσας,

275 1451 383 1546 ‘pacti'
406 1459 538 1547 ὑπέστη,
563 1456 664 1528 πόσιν
686 1455 832 1527 ἐκλύοαο’

274 1560 358 1657 αὐτή
380 1572 564 1652 apostamia
586 1568 709 1635 Πελίου
731 1572 827 1648 acic,-

122 1712 236 1779 Prodit
257 1711 359 1780 Orcus
382 1715 416 1781 in
437 1735 607 1800 scaenam:
629 1715 811 1799 Apollinem
833 1715 940 1781 videt:
963 1715 1070 1782 subito
1085 1715 1215 1782 horrore

123 1823 278 1889 attonitus
292 1843 396 1908 paene
411 1823 624 1909 obstupescit:
645 1844 727 1907 quae
754 1824 797 1890 sit
821 1825 905 1891 inter
917 1827 1020 1891 lucem
1036 1832 1068 1891 et
1083 1832 1229 1909 noctem,¹

123 1932 207 1997 inter
228 1932 327 1998 vitam
350 1941 382 1998 et
403 1925 536 1999 mortem
559 1934 720 2018 oppositio
735 1954 799 2000 non
818 1935 929 2019 nescit,
953 1955 1056 2019 neque
1079 1956 1144 2019 qua
1165 1956 1219 2000 oa·
1257 1917 1258 1922 λ

122 2025 219 2107 ritate
242 2041 359 2125 Apollo
381 2063 452 2108 cum
474 2042 610 2109 Admeto
631 2044 818 2110 coniunctus
840 2044 902 2110 sit:
930 2044 996 2111 Sed
1009 2044 1132 2110 horrori
1149 2044 1218 2110 eius

122 2176 183 2240 par
205 2162 253 2222 est
274 2156 323 2220 ira
343 2163 439 2238 atque
460 2155 516 2221 vix
547 2156 699 2222 momenti
721 2174 810 2222 mora
832 2155 1025 2240 interposita
1047 2173 1124 2220 voce
1148 2153 1215 2219 odii

122 2265 398 2349 contumeliaeque
420 2265 516 2346 plena
538 2266 698 2333 exclamat

259 2404 295 2506 Ιτί
316 2410 376 2472 ΣΥ
393 2402 478 2490 πρὸς
499 2401 698 2490 patiacum
717 2405 750 2472 τί
768 2409 826 2470 ΣΥ
842 2404 918 2495 τῇδε
939 2404 1071 2484 πολεῖςς

22 2563 27 2574 ’
122 2547 246 2627 Quibus
284 2549 319 2615 in
352 2549 655 2634 interrogationibus
686 2549 715 2616 si
745 2549 945 2634 reputaveris
979 2568 1075 2632 quam
1107 2546 1216 2612 iterati

121 2657 217 2724 istius
238 2658 436 2742 pronominis
458 2658 621 2745 emphasis
642 2679 827 2744 praegnans
849 2659 900 2738 sit,
931 2675 1091 2742 quamque
1122 2656 1217 2741 plene

121 2785 161 2831 ac
182 2767 277 2850 plane
315 2767 509 2834 demonstret
541 2768 701 2853 Apollinis
735 2767 950 2853 praesentiam
973 2765 1056 2833 Orco
1090 2784 1215 2830 omnem
1242 2855 1245 2859 ι

123 2882 241 2940 metum
274 2895 410 2954 movere,
443 2863 536 2959 sique
570 2876 769 2962 reputaveris
792 2877 827 2942 in
847 2876 908 2941 hac
940 2896 974 2941 re
1006 2874 1089 2941 nihil
1111 2874 1217 2939 inesse

123 2982 209 3066 quod
241 3005 305 3050 non
338 2985 447 3050 statim
478 2985 672 3051 intellecturi
706 2985 824 3051 luerint
856 2991 1061 3070 spectatores,
1089 2983 1216 3050 videbis

122 3094 390 3177 interrogationes
413 3095 494 3160 tales
518 3113 589 3160 esse
612 3113 695 3178 quae
717 3113 905 3178 responsum
925 3113 1030 3178 neque
1052 3095 1217 3177 requirant

117 3221 227 3294 'neque
258 3203 429 3287 patiantur.
484 3203 540 3269 llis
578 3204 804 3270 continuantur
834 3205 919 3270 aliae
949 3203 1215 3287 interrogationes
1270 3208 1272 3213 ’

122 3309 239 3393 quibus
262 3311 514 3396 indignationem
537 3314 680 3398 apertius
702 3312 804 3380 Orous
822 3326 900 3398 prae
922 3333 956 3379 se
979 3314 1049 3394 fert,
1071 3313 1129 3378 sed
1151 3311 1217 3378 dici

120 3420 179 3486 vix
201 3427 306 3504 potest
327 3429 525 3506 quantopere
553 3423 704 3506 langueat
735 3423 769 3489 in
795 3423 856 3488 hac
877 3425 961 3490 serie
992 3421 1216 3507 interpositum

122 3528 210 3595 istud
231 3548 429 3614 responsum.
473 3530 510 3596 Si
536 3539 632 3616 poeta
655 3531 735 3597 talia
766 3532 800 3596 in
832 3531 896 3597 fine
915 3531 1070 3597 orationis
1092 3531 1139 3596 ita
1159 3549 1216 3614 pc·

120 3637 241 3704 suisset
272 3647 307 3704 ut
339 3639 431 3706 nobis
464 3639 585 3724 fingere
623 3660 789 3725 possemus
822 3640 898 3708 Orci
934 3640 1075 3706 animum
1112 3640 1215 3724 primo

119 3743 326 3840 vehementer
344 3748 536 3815 concitatum
552 3750 721 3835 paullatim
743 3749 948 3834 requievisse,
973 3749 1107 3817 fortasse
1129 3749 1213 3815 ferre

118 3876 309 3942 possemus:
330 3857 390 3923 xhic
418 3858 544 3924 subitae
566 3859 621 3924 isti
653 3859 755 3942 quieti
788 3859 894 3925 subito
925 3859 1121 3943 interruptae
1144 3858 1215 3924 nul-

118 3965 172 4032 lus
191 3951 253 4032 ‘est
286 3965 383 4034 locus.
439 3967 553 4052 Neque
593 3968 708 4034 melius
741 3988 808 4034 rem
849 3969 1024 4052 expediunt
1055 3969 1111 4051 qui
1143 3974 1215 4052 post

119 4095 152 4140 v.
171 4076 210 4141 31
231 4076 361 4161 signum
391 4076 652 4162 interrogationis
679 4083 820 4162 ponunt:
852 4097 956 4162 neque
991 4078 1077 4143 enim
1108 4076 1214 4142 minus

118 4183 256 4269 languet
287 4185 389 4253 oratio
423 4192 455 4253 et
492 4186 592 4253 efficit
623 4185 703 4252 haec
737 4186 951 4272 interpunctio
983 4193 1018 4252 ut
1045 4185 1214 4253 verborum

116 4283 246 4372 ἀδικεῖς
267 4279 308 4359 αὖ
328 4303 360 4362 et
379 4302 493 4382 postea
513 4299 568 4362 νῦν
590 4295 617 4361 δ’
641 4294 698 4362 ἐπὶ
718 4295 789 4385 τῇδ’
810 4281 850 4362 αὖ
870 4315 1000 4382 prorsus
1027 4295 1140 4362 eadem
1171 4294 1214 4360 sit
