2842 4870
656 437 689 490 21

132 609 189 674 135
212 628 282 674 cum
305 608 452 676 versibus
474 609 689 691 anapaesticis
711 609 889 694 Hippxlto
913 630 982 693 sqq.
1015 611 1070 694 qui
1102 597 1226 678 versus¹

130 707 264 783 eandem
286 716 404 783 habent
425 717 580 783 rationem
611 738 706 801 quam
739 724 865 785 nostrae
896 718 1023 786 fabulae
1048 721 1106 785 136
1127 741 1211 804 sqq:

226 833 293 906 ἀλλ’
316 836 364 928 ἥδ’
387 833 521 907 ὀπαδῶν
540 840 574 907 ἐκ
595 837 705 924 δόμων
728 867 777 920 τις
799 839 925 924 ἔρχεται
947 853 1026 928 etqs

128 967 342 1054 Expellendos
364 987 434 1034 esse
456 976 532 1053 puto
556 971 736 1035 lae-135:

229 1179 230 1186 ἵ
322 1088 509 1178 πάνταγὰρ
532 1083 591 1183 ἤδη
614 1092 795 1160 τετέλεσται
812 1095 991 1175 βασιλεῦσι,

325 1197 458 1266 πάντων
475 1201 511 1267 δὲ
531 1205 621 1267 θεῶν
644 1201 700 1268 ἐπὶ
720 1207 848 1286 βωμοῖς

323 1297 535 1394 αἱμόρραντον
556 1311 671 1376 θυσίαι
692 1295 834 1404 actricem,

324 1412 394 1485 oo'd’
420 1415 490 1486 itae
511 1429 619 1485 κακῶν
641 1411 720 1498 ὄντος
742 1411 846 1486 oo'de'v.
872 1505 875 1512 1

225 1548 296 1627 Qua
319 1548 358 1614 de
380 1569 414 1614 rc
429 1549 457 1614 si
473 1556 557 1614 recte
577 1548 729 1632 iudicavi,
744 1547 871 1614 videtur
884 1548 964 1614 mihi
979 1550 1071 1633 sequi
1086 1558 1213 1616 cantum

126 1657 367 1742 praecedentem
389 1657 464 1724 inde
486 1679 507 1723 a
527 1660 586 1722 112
609 1695 649 1704 —
676 1656 745 1722 ἀλλ’
767 1649 842 1723 οὐδὲ
863 1656 1052 1742 ναυκληρίαν
1080 1695 1122 1703 -
1145 1679 1210 1724 om·

127 1787 197 1832 nem
219 1751 277 1832 toti
299 1767 395 1832 choro
417 1766 662 1832 adtribucndnm
684 1787 763 1833 esse.
801 1768 922 1851 Neque,
945 1766 1090 1851 quamvis
1112 1767 1210 1833 facile
1319 1810 1322 1814 -
1363 1807 1365 1812 ·

127 1877 160 1941 in
181 1875 262 1941 duas
284 1882 390 1959 partes
411 1874 516 1946 dividi
537 1875 639 1960 possit
662 1875 690 1941 is
713 1883 833 1950 cantus,
858 1877 924 1941 ulla
945 1877 975 1941 ei
996 1876 1079 1941 inest
1102 1895 1208 1941 neces-

126 1983 214 2050 saria
232 2004 336 2050 rerum
357 1984 523 2069 responsio
546 1985 620 2050 talis
648 1985 774 2066 qualem
799 1984 832 2048 in
854 1984 953 2068 priori
980 1992 1071 2066 parte
1099 1983 1209 2050 rectis-

126 2093 205 2158 sime
229 2098 405 2159 statuerunt
431 2091 517 2158 docti
543 2091 605 2158 viri
627 2090 772 2158 codicum
801 2091 924 2157 indicia
950 2093 1051 2158 secuti
1063 2096 1096 2157 ¹⁴².
1146 2092 1210 2159 Sed

125 2221 189 2266 non
211 2201 262 2268 his
287 2201 460 2288 praecipue
489 2201 666 2266 rationibus
699 2201 846 2266 inductus
878 2221 948 2266 sum
980 2207 1015 2266 ut
1048 2203 1210 2267 132-135

126 2310 252 2394 spurios
284 2310 434 2378 haberem
469 2330 571 2394 neque
604 2309 694 2375 chori
725 2308 982 2374 distributionem
1019 2311 1112 2394 tetigi
1147 2310 1211 2376 nisi
1280 2361 1284 2370 .

90 2431 95 2445 ·
127 2417 220 2486 istius
245 2420 388 2484 maculae
410 2418 604 2486 amovendae
626 2416 742 2483 studio.
772 2416 942 2483 Mendosos
964 2437 1035 2483 esse
1048 2419 1210 2483 132-135

126 2547 218 2592 nemo
239 2535 345 2612 negat.
388 2527 529 2593 Facilior
551 2526 611 2592 erit
632 2546 704 2592 mea
725 2525 900 2610 disputatio
922 2527 951 2593 si
973 2526 1134 2592 aNaucki
1156 2525 1210 2591 ad·

226 2787 257 2840 12
278 2787 396 2842 Videtur
420 2787 449 2842 id
467 2787 593 2842 confiteri
610 2788 695 2844 etiam
706 2787 870 2842 Arnoldtius
888 2787 931 2840 his
949 2786 1053 2841 verbis:
1076 2785 1212 2840 Venerat

123 2883 190 2938 atad
208 2883 251 2938 da'e
267 2883 305 2938 im
324 2884 434 2940 awriten
452 2885 655 2956 Stropheapaar
678 2903 730 2941 oon
747 2902 799 2940 aaa
817 2886 964 2955 pewdtdten
984 2883 1146 2958 ¹Voreeictea
1163 2882 1211 2936 mit

124 2978 255 3036 accedes
272 2995 307 3034 aa
319 2981 501 3051 octomodos,
514 2997 542 3036 so
561 2983 626 3036 dass
643 2981 734 3054 ἡμιχ.
752 2976 777 3048 β’
796 2981 912 3052 ceptam,
931 2978 987 3050 ἡμι
990 3000 1019 3050 χ.
1038 2977 1063 3032 α’
1081 2979 1209 3032 aestimet.

123 3075 211 3130 Doara
231 3076 322 3130 wrtrde
341 3077 392 3131 aas
411 3077 505 3132 acriter
522 3078 649 3133 ewisedea
670 3078 720 3132 dea
737 3077 830 3132 baden
848 3075 1098 3142 Haltchorfa'ticrera
1115 3075 1210 3128 ebwat-

122 3171 199 3226 tende
213 3171 382 3227 Verisdltniss
400 3173 469 3228 accis
487 3173 545 3229 hier
563 3174 630 3228 accis
645 3173 775 3228 ewischm
793 3173 870 3226 deren
893 3170 985 3226 beiden
1003 3171 1098 3240 Zr'tpea
1113 3169 1209 3236 sosthe-

122 3267 222 3330 steten,
243 3267 308 3322 dass
326 3269 444 3326 ndmlich
461 3268 508 3324 der
525 3270 615 3324 amede
629 3269 767 3323 Helbeisor
784 3267 862 3336 odllip
882 3262 1064 3336 hoffaaapslos
1082 3266 1126 3330 ist,
1139 3265 1209 3318 orda

121 3349 237 3419 renata
255 3370 340 3420 ersten
358 3365 427 3420 each
446 3365 503 3420 hier
518 3365 616 3420 wieder
628 3365 674 3419 der
688 3362 813 3424 Gedonke
832 3379 868 3416 aa
886 3364 951 3431 cirre,
965 3379 1041 3416 werra
1054 3361 1124 3416 auch
1136 3361 1210 3415 nieht

121 3475 158 3515 eu
176 3461 339 3516 ceadenda
356 3461 476 3532 Rettaap
496 3461 646 3528 castauctt.
684 3459 738 3514 Sed
756 3438 919 3512 Arnoldtius
943 3459 966 3512 si
984 3475 1035 3527 pro
1060 3473 1093 3511 aa
1112 3472 1209 3510 erwcr-

121 3555 203 3611 eada
230 3557 383 3626 scripsisset
413 3573 446 3612 ea
472 3551 713 3617 cerevirltle'cdende,
743 3554 849 3624 optima
876 3553 973 3610 fuisset
999 3553 1086 3610 totius
1114 3556 1210 3606 cantus

121 3653 240 3708 notatio.
276 3653 309 3706 In
325 3654 414 3722 priori
432 3653 513 3707 huius
532 3657 627 3707 cantus
653 3656 732 3722 parte
750 3668 839 3720 neque
860 3652 923 3720 plus
947 3668 1036 3719 neque
1058 3650 1149 3704 minus
1168 3652 1210 3704 est

121 3749 184 3818 spei
213 3752 261 3804 aut
288 3749 488 3818 desperationis
517 3767 600 3818 quam
626 3749 655 3802 in
682 3748 771 3803 altera
797 3753 889 3817 parte:
919 3748 953 3801 de
971 3748 1060 3800 salute
1078 3765 1133 3800 non
1153 3746 1209 3800 iam

121 3845 260 3914 speranda
278 3846 353 3900 canit
371 3845 478 3900 chorus.
515 3845 602 3899 Porro
622 3846 645 3898 si
663 3845 692 3898 in
711 3844 763 3899 hoc
781 3849 865 3898 cantu
883 3845 983 3899 inesset
1010 3843 1209 3897 sententiarum

121 3941 280 4003 diversitas,
298 3943 450 3996 necessaria
467 3946 538 3996 esset
563 3959 594 3995 ea
614 3941 714 3995 divisio
744 3925 827 4010 qnam
854 3941 949 3995 reiecit
967 3929 1129 3992 Arnoldtius¹
1156 3939 1208 3992 loc.

121 4037 208 4092 indic
238 4037 313 4092 Haec
326 4043 418 4093 autem
430 4038 528 4092 divisio
541 4037 656 4107 probari
668 4056 723 4091 non
735 4042 835 4107 potest,
849 4038 950 4106 quippe
964 4053 1034 4103 quae
1045 4035 1094 4088 112
1104 4052 1163 4102 sqq.
1175 4065 1207 4072 -

120 4127 183 4186 ἀλλ’
194 4127 257 4184 οὐδὲ
269 4135 428 4203 ναυκληρίαν
445 4135 499 4186 κτλ,
518 4133 607 4187 eidem
625 4133 702 4187 chori
719 4133 794 4202 parti
811 4133 918 4187 tribuat
937 4133 1012 4186 cuius
1031 4131 1094 4185 duci
1114 4131 1207 4184 rectis·

120 4229 194 4284 sime
211 4227 372 4282 tribuuntur
390 4245 485 4282 versus
503 4227 697 4298 praecedentes
712 4229 762 4282 109
772 4245 830 4298 sqq.
850 4228 942 4298 itaque
960 4226 1083 4298 partium
1095 4243 1213 4297 respon·v

119 4324 230 4380 sionem
247 4325 384 4396 neglegat.
