2842 4870
671 395 704 453 81

145 569 269 652 polator
290 569 455 634 238—243
487 589 527 636 ex
553 571 624 636 alia
656 570 765 636 fabula
787 571 821 636 in
842 576 984 638 nostrum
1005 565 1124 636 locum:
1155 585 1229 636 nam

144 679 243 744 verba
263 681 334 754 τοῖς
354 701 390 743 τε
413 671 578 760 πάροιθεν
591 673 852 762 τεκμαιρόμενος,
876 699 958 762 quae
979 678 1034 744 hie
1049 686 1122 745 sunt
1134 678 1229 746 valde

144 786 255 871 otiosa,
277 808 317 853 ne
341 788 446 855 dicam
468 789 616 872 absurda,
638 789 671 854 in
693 789 755 855 fine
774 789 856 856 alius
884 789 1007 874 dialogi
1028 792 1228 874 anapaestici

143 891 366 977 legipotuisse
387 913 451 967 non
473 894 665 977 negaverim.

242 1116 359 1184 Versus
380 1120 456 1185 322:

311 1234 377 1308 ἀλλ’
400 1235 503 1308 αὐτίκ’
528 1244 562 1310 ἐν
585 1248 657 1322 τοῖς
676 1245 781 1310 οὐκέτ’
806 1231 879 1310 οὖσι
900 1245 1032 1329 λέξομαι

141 1369 290 1436 videntur
304 1371 382 1436 mibi
397 1371 529 1438 secundi
545 1373 667 1439 ordinis
683 1372 808 1439 codices
823 1392 931 1438 veram
947 1391 1093 1440 servasse
1114 1373 1226 1440 lectio·

143 1499 214 1546 nem
238 1481 278 1545 ab
297 1480 472 1547 editoribus
494 1488 643 1562 spretam.
667 1483 751 1547 Nam
773 1483 852 1548 satis
873 1481 969 1547 facile
991 1484 1137 1549 conicere
1152 1502 1225 1566 pos·

143 1607 251 1654 sumus
272 1591 513 1672 grammaticum
546 1591 686 1674 aliquem
715 1584 759 1679 μή
791 1573 956 1676 participii
988 1594 1151 1675 propriam
1173 1612 1226 1658 ne-

142 1696 241 1779 gandi
255 1699 445 1782 particulam
457 1700 607 1766 habuisse
622 1699 759 1783 ideoque
773 1706 913 1766 mutasse
928 1691 1038 1764 ου’κέτι
1053 1699 1087 1764 in
1101 1695 1226 1783 μηκέτιε

141 1805 246 1871 minus
278 1807 374 1872 facile
404 1807 569 1874 credamus
599 1806 712 1893 μηκέτι
740 1808 778 1873 in
812 1798 922 1872 ου’νὲτι
943 1815 1098 1875 mutatum
1118 1808 1226 1874 brisso.

141 1914 273 1981 Accedit
300 1915 385 1997 quod
417 1917 519 1984 codex
542 1918 717 1996 Parisinus,
750 1919 779 1983 si
809 1915 986 1982 editoribus
1017 1915 1106 2000 fides,
1136 1913 1226 1982 scho-

143 2024 209 2090 lion
224 2025 257 2089 in
271 2027 417 2108 margine
436 2032 542 2092 servat
557 2029 646 2093 cuius
671 2025 733 2092 hoc
756 2033 805 2094 est
826 2027 955 2092 lemma:
978 2024 1011 2092 ἐν
1032 2028 1103 2102 τοῖς
1121 2015 1224 2090 οὐκέτ’

143 2121 219 2198 οὖσι
240 2131 381 2216 λέξομαι.
403 2137 537 2202 Versum
560 2136 804 2220 praecedentem
830 2136 906 2200 321:

310 2232 379 2308 οὐδ’
398 2241 431 2320 ἐς
451 2242 561 2329 τρίτην
581 2267 639 2325 μοι
660 2240 760 2329 μηνὸς
783 2238 910 2326 ἔρχεται
931 2237 1030 2308 κακόν

140 2371 199 2417 neo
221 2347 332 2418 sanum
362 2372 422 2428 nec
452 2351 598 2420 sanatum
627 2341 697 2420 esse
723 2359 801 2440 puto
821 2373 925 2438 neque
945 2356 996 2419 me
1018 2353 1117 2437 pudet
1138 2353 1223 2436 quod
1276 2387 1277 2392 .

140 2466 187 2526 tot
209 2461 295 2544 docti
315 2461 377 2528 viri
397 2462 516 2529 frustra
538 2464 643 2529 conati
665 2469 738 2528 sunt
758 2461 910 2549 perficere
930 2473 1118 2546 nonposse.
1141 2461 1226 2527 Vera

141 2569 235 2635 lectio
258 2576 453 2654 potestesse
474 2570 591 2654 μέλλον
622 2590 680 2656 pro
713 2564 823 2655 μηνός,
850 2591 953 2654 neque
973 2570 1054 2636 haec
1075 2569 1224 2637 absurda.

141 2677 220 2744 Orta
241 2685 290 2744 est
310 2680 390 2746 mihi
410 2681 559 2774 suspicio,
594 2701 689 2764 quam
714 2681 809 2747 silere
831 2699 933 2763 neque
954 2679 1027 2746 volo
1047 2698 1151 2761 neque
1171 2678 1223 2745 fas

140 2794 198 2864 est,
221 2787 278 2854 hos
300 2787 380 2855 duos
400 2809 511 2856 versus
533 2790 659 2874 spurios
682 2809 761 2856 esse.
794 2789 878 2854 Nam
899 2788 933 2854 in
955 2787 1064 2854 codice
1085 2787 1225 2854 Lauren·

138 2897 228 2961 tiano
249 2897 417 2964 scribendo
432 2899 539 2965 omisit
559 2918 613 2964 eos
628 2897 788 2974 librarius,
810 2903 923 2982 postea
937 2895 1064 2963 demum
1086 2895 1170 2962 idem
1192 2898 1226 2962 in

141 3005 207 3069 ima
236 3005 356 3090 pagina
387 3006 523 3074 addidit.
566 3007 602 3074 si
631 3007 775 3073 conferas
797 3025 880 3089 quae
902 3005 942 3071 dc
964 3005 1019 3071 illo
1044 3004 1154 3072 codiee
1175 3007 1225 3072 W.

140 3113 177 3178 Α.
199 3113 271 3206 Ε.5
293 3116 451 3199 exposuit,
473 3117 581 3181 nescio
604 3136 646 3180 an
662 3114 859 3200 probabilem
873 3114 1039 3181 habiturus
1054 3115 1099 3180 sis
1122 3133 1225 3180 meam

139 3222 363 3306 coniecturam,
389 3243 444 3289 eos
465 3243 574 3289 versus
596 3225 692 3289 etiam
713 3225 754 3290 in·
769 3224 977 3289 Laurentiani
998 3223 1171 3306 archetypo
1192 3223 1226 3288 in

139 3331 284 3414 margine
305 3332 475 3408 exstitisse.
518 3332 612 3411 Quod
642 3332 671 3398 si
701 3333 747 3398 ita
773 3353 808 3399 se
833 3333 951 3398 habere
977 3331 1247 3415 existimandum·

140 3445 199 3522 est,
220 3446 275 3506 aut
296 3441 440 3524 sequitur
470 3449 525 3507 aut
550 3442 663 3508 saltem
683 3441 858 3507 verisimile
880 3447 929 3507 est
949 3438 1008 3506 hos
1029 3459 1140 3510 uersus
1159 3439 1225 3504 iam

140 3549 282 3632 antiquis
305 3550 500 3635 temporibus
522 3556 687 3636 suspectos
708 3550 809 3616 luisse
830 3558 886 3616 aut
905 3549 1041 3615 fortasse
1062 3547 1224 3614 exstitisse
1261 3555 1279 3564 “’

139 3658 225 3724 bona
245 3660 442 3743 exemplaria
454 3661 568 3743 quibus
582 3659 738 3740 deessent,
762 3661 857 3727 sicuti
880 3657 1040 3725 nonnullis
1062 3658 1223 3739 exempla·

138 3766 226 3834 ribus
239 3768 371 3834 deerant
383 3775 509 3834 nostrae
520 3769 649 3835 fabulae
657 3769 810 3834 818-20.
833 3765 1053 3834 Intolerabiles
1065 3785 1135 3831 esse
1149 3765 1221 3829 321.

138 3875 200 3938 322
221 3876 277 3942 vix
299 3876 501 3961 indicaveris,
534 3897 787 3964 supervacaneos
809 3896 881 3942 esse
902 3875 1020 3941 iniuria
1043 3871 1221 3958 negaveris.

138 3981 250 4050 Facile
272 4005 326 4051 eos
350 3987 571 4071 interpolatori
590 3989 819 4054 sententiarum
835 3985 1063 4071 explendarum
1078 3982 1222 4050 studioso

138 4089 373 4160 adscribamus:
395 4095 475 4162 mibi
497 4097 577 4162 satis
599 4098 643 4163 sit
656 4097 877 4180 quaestionem
892 4093 1086 4161 acutioribus
1100 4091 1222 4158 criticis

137 4201 352 4284 proposuisse.
