2842 4870
709 329 745 384 60

180 510 254 570 sunt
276 522 328 570 res
350 503 506 570 diversae.
542 504 665 588 Neque,
680 511 767 588 puto,
784 504 824 571 de
840 503 1002 588 mysteriis
1016 503 1076 570 tuli
1092 512 1275 591 contemptu

178 616 341 686 locuturus
360 620 429 680 crat
450 634 507 680 rex
527 613 781 680 Atheniensium.
836 616 935 682 Porro
962 615 997 680 in
1024 620 1134 680 nostra
1163 614 1273 680 tabula

180 742 242 787 non
267 722 363 789 habet
385 721 516 806 Orphea
536 742 646 807 regem
665 724 863 808 Hippolytus
884 723 943 790 scd
956 723 1096 788 Dianam
1118 725 1287 817 reginam..

179 833 320 898 Venator
341 838 398 911 est,
423 853 488 898 non
517 832 677 899 litteratus
711 833 814 899 homo.
865 833 929 898 Vix
961 832 1039 898 mihi
1073 833 1273 917 persuaseris

179 948 287 1007 tamen
318 948 383 1006 tres
415 960 527 1008 versus
549 943 717 1007 952-954
740 963 804 1008 non
837 961 909 1009 esse
931 941 1144 1026 Euripideos:
1177 942 1275 1008 etiam

179 1071 275 1118 sanos
309 1070 380 1116 esse
414 1058 501 1135 puto.
549 1051 614 1118 Sed
635 1053 674 1118 N.
690 1053 727 1116 E.
742 1052 773 1118 S.
791 1053 832 1118 ll.
849 1054 889 1118 38
911 1059 947 1118 ut
974 1052 1106 1118 verbum
1138 1044 1275 1132 βάκχευε

179 1161 356 1244 explicaret
377 1159 545 1246 aptissime
564 1160 699 1227 contulit
720 1162 794 1227 Eur.
821 1161 859 1226 fr.
873 1162 944 1237 475,
967 1159 1060 1226 nobis
1083 1179 1123 1226 ex
1145 1159 1275 1226 Cretum

179 1270 290 1335 fabula
312 1277 480 1335 servatum.
526 1268 596 1354 Ego
617 1270 673 1335 vix
695 1263 843 1339 dubitare
877 1289 1006 1353 possum
1039 1270 1117 1351 quin
1149 1275 1275 1335 nostros

179 1398 290 1444 versus
313 1379 353 1444 ab
375 1379 432 1444 illa
453 1378 565 1444 fabula
586 1384 748 1444 mutuatus
771 1378 814 1444 sit
846 1378 1058 1462 interpolator
1085 1377 1197 1445 eadem
1226 1399 1275 1442 ra·

179 1487 266 1552 tione
300 1494 396 1569 atque
429 1485 511 1553 alios
532 1507 644 1576 versus
666 1488 708 1553 ab
730 1487 908 1573 Hippolyto
925 1488 1048 1554 Velato.
1093 1489 1143 1554 Dc
1176 1488 1275 1554 simili

180 1598 346 1679 utriusque
378 1596 509 1662 fabulae
542 1603 729 1681 argumento
763 1598 872 1663 confer
905 1595 1066 1681 Aristoph.
1101 1597 1181 1661 Ran.
1203 1596 1274 1660 849.

180 1705 458 1771 850.1043.1044
480 1711 512 1771 et
531 1705 655 1771 scholia
675 1706 711 1770 in
730 1707 800 1770 849.
854 1704 920 1772 Sed
948 1724 1060 1771 versus
1084 1705 1144 1768 951
1176 1703 1275 1769 aliam

182 1834 253 1880 esse
271 1815 428 1881 rationem
448 1820 539 1898 puto:
561 1834 635 1879 nam
658 1814 873 1880 otiosissimus
896 1819 945 1879 est
965 1833 1068 1897 neque
1090 1811 1171 1878 satis
1194 1811 1276 1877 bene

182 1930 238 1988 aut
258 1943 330 1988 cum
352 1923 618 2007 praecedentibus
649 1930 704 1989 ant
736 1943 807 1988 cunr
838 1922 1046 2005 sequentibus
1078 1922 1275 1989 coniunctus.

184 2031 317 2097 Oonicio
337 2032 598 2117 interpolatorem
620 2051 692 2098 eum
708 2039 872 2114 tamquam
893 2039 1020 2113 pontem
1042 2031 1198 2096 struxisse
1213 2050 1276 2112 quo

184 2141 310 2206 facilior
331 2140 420 2206 lieret
441 2140 694 2207 transitioa950
715 2140 757 2206 ad
772 2160 883 2207 versus
898 2139 1085 2226 inserendos
1100 2138 1275 2205 952-954.

281 2486 331 2550 ne
352 2503 380 2549 v.
405 2462 495 2549 roro.
518 2486 619 2549 nono:

323 2605 483 2694 πράσσειν
504 2606 563 2693 γὰρ
585 2595 621 2675 εὖ
643 2605 792 2693 πάρεστι,
812 2604 959 2686 κίνδυνός
981 2610 1008 2674 τ’
1031 2601 1128 2673 ἀπών

323 2717 463 2801 κρείσσω
487 2717 603 2784 δίδωσι
623 2721 683 2804 τῆς
703 2719 891 2800 τυραννίδος
911 2713 1011 2801 χάριν.
1197 2723 1277 2785 1020

91 2919 97 2934 ,
182 2865 263 2944 lure,
291 2868 377 2946 puto,
411 2861 531 2928 delevit
563 2861 621 2930 hos
653 2882 764 2928 versus
796 2861 957 2928 Hirrelius
970 2864 1005 2926 ⁸².
1060 2862 1099 2925 In
1119 2859 1276 2926 Marciani

183 2973 343 3054 scriptura
364 2964 523 3063 πράσσειν
544 2994 579 3034 τε
601 2964 660 3055 γὰρ
683 2963 823 3055 πάρεστι
844 2969 957 3065 uideor
979 2969 1056 3035 mihi
1073 2969 1159 3037 docti
1174 2991 1276 3054 gram·
1319 2971 1322 2976 “

183 3079 291 3146 matici
315 3087 416 3146 artem
437 3079 603 3165 percipere
626 3082 706 3146 satis
729 3083 825 3146 acutc'
844 3079 1035 3163 corrigentis
1056 3078 1175 3162 spuria.
1212 3077 1277 3143 Sed

184 3209 235 3255 res
257 3196 306 3255 est
330 3190 462 3256 incerta.

632 3307 826 3316 ——--——.

283 3393 332 3476 De
353 3412 383 3458 v.
407 3391 507 3458 1029:

375 3507 495 3593 duoles
517 3505 638 3594 domoc,
661 3511 769 3604 φυγᾶς
790 3509 958 3600 dimetior
981 3511 1096 3598 χθόνα.

184 3648 284 3712 Istum
306 3664 434 3710 versum
455 3644 520 3709 iam
542 3642 660 3709 dudum
684 3643 862 3709 rectissime
884 3642 1150 3709 aValclrenaerio
1165 3643 1277 3727 expul-

184 3774 254 3821 sum
276 3751 380 3819 denuo
413 3752 565 3819 reducere
594 3751 701 3817 conati
732 3758 807 3817 sunt
828 3751 964 3818 Weilins
987 3760 1019 3818 et
1039 3752 1088 3818 W.
1103 3752 1141 3818 Α.
1156 3752 1192 3816 ll.
1207 3753 1279 3817 219.

184 3863 298 3928 Pravis
320 3861 460 3927 numeris
482 3862 562 3926 satis
585 3859 770 3926 damnatur:
794 3881 867 3926 nam
891 3882 941 3927 me
957 3861 1066 3928 docuit
1087 3864 1137 3928 vir
1158 3862 1278 3929 doctis·

184 3958 293 4051 simus,
326 3970 395 4036 cuis
427 3968 567 4035 rationes
599 3989 663 4034 non
694 3989 799 4034 meum
831 3974 881 4036 est
913 3976 1066 4054 repetere,
1089 3968 1279 4055 Euripidem

284 4234 318 4286 32
348 4233 390 4289 De
408 4232 475 4288 Eur.
493 4231 522 4290 in
543 4249 631 4304 comp.
650 4232 706 4289 div.
721 4235 791 4302 arte,
809 4234 852 4290 81.
