2842 4870
648 353 681 404 67

119 519 199 585 bene
229 519 327 586 fecit?
362 521 510 588 Herculis
534 521 644 588 fabula
668 522 851 605 tragoedia·
868 530 925 605 est,
959 540 1061 605 neque
1084 529 1208 606 oportet

117 629 246 696 heroem
271 630 402 698 eosdem
425 632 592 698 ostendere
607 651 711 698 mores
733 651 812 715 quos
835 633 869 696 in
891 633 1019 716 satyris.
1048 631 1206 716 Tragicos

117 759 234 823 parens
259 759 321 822 qno
347 742 442 807 modo
461 741 600 807 filiorum
628 759 768 806 amorem
790 741 979 806 declaret‘si
1001 740 1126 807 discere
1147 743 1207 819 vis,

118 848 213 912 velim
236 849 325 932 leges
347 849 498 933 Megarae
516 849 624 933 verba,
645 869 675 915 v.
698 852 768 915 280.
791 852 867 915 281:

265 969 327 1058 ἐγώ
349 974 436 1060 φιλοῖ
458 972 517 1056 μὲν
537 973 647 1039 τέκνα·
670 975 744 1050 πῶς
764 968 823 1057 γὰρ
846 965 886 1038 oti
905 974 989 1058 φιλοῖ

264 1078 409 1162 ἅτικτον,
427 1078 620 1169 ἁμόχθησα,
762 1091 764 1098 ’

118 1217 148 1275 et
167 1209 314 1276 Herculis
336 1211 435 1276 verba
457 1211 638 1302 574-582:
673 1209 689 1243 ⁶

265 1337 312 1420 τῷ
335 1329 395 1419 γάρ’
416 1334 449 1416 μ’
471 1325 603 1418 ἅμόνειν
624 1333 746 1419 μᾶλλον
769 1327 789 1421 ἢ
811 1330 950 1419 δάμαρτι
971 1331 1031 1423 χρὴ

266 1443 319 1508 καὶ
341 1444 435 1509 παισὶ
458 1442 511 1509 καὶ
533 1444 676 1528 γέροντι,
696 1439 877 1526 χαιρόντων
897 1437 1012 1509 πόνοι·
1145 1446 1206 1510 575

268 1552 321 1619 καῖ
336 1554 387 1619 δεῖ
399 1553 434 1638 μ’
446 1549 530 1639 ὑπὲρ
545 1554 651 1633 τοῖνδ’,
667 1548 762 1638 εἴπερ
779 1553 840 1619 οἵδ’
856 1547 938 1639 ὑπὲρ
954 1546 1088 1636 πατρός,

266 1656 421 1752 θνῄσκειν
442 1653 609 1745 α’μόνοντ’·
632 1655 655 1749 ἢ
678 1659 711 1728 τί
734 1655 882 1752 φήσομεν
904 1655 1003 1726 καλόν

264 1767 347 1859 όόρᾳ
365 1767 425 1855 μὲν
446 1769 557 1838 ἐλθεῖν
579 1769 626 1849 εῖς
645 1763 748 1858 μάχην
768 1769 874 1837 λέοντί
889 1795 925 1835 τε

266 1873 464 1963 Εὐρυσθέως
485 1885 662 1963 πομπαῖσι,
686 1879 801 1945 τῶνδ’
823 1879 910 1963 ἐμοῖν
927 1879 1048 1944 τέκνων
1146 1881 1207 1946 580

269 1981 327 2055 ocia
347 1984 518 2075 ἐκπονήσω
541 1982 704 2071 &daurom
724 1980 782 2053 οόκ
805 1978 855 2072 όῖρ’
878 1983 1039 2078 Ἡρακλῆς

266 2094 283 2164 ό
306 2098 486 2177 καλλίνικος
507 2093 552 2177 τός
574 2093 721 2183 πάροιθε
743 2097 875 2182 λέξομαι
886 2103 920 2165 ⁸⁸.

216 2225 374 2310 Atesim,
408 2225 526 2293 dixerit
547 2226 718 2310 quispiam,
752 2226 853 2291 voluit
868 2233 978 2309 poeta
1000 2234 1107 2292 nostro
1136 2225 1205 2291 loco

117 2335 272 2420 tragicam
307 2335 453 2414 ironiam,
487 2355 569 2419 quae
601 2341 739 2414 vocatur,
776 2354 871 2418 quam
904 2334 1042 2400 maxime
1072 2355 1205 2418 augere:

18 2425 19 2448 λ
117 2447 235 2512 liberos
258 2445 481 2511 interfecturus
497 2451 546 2511 est
561 2445 734 2536 Hercules:¹
754 2451 877 2530 oportet
898 2463 968 2509 eum
992 2447 1074 2509 inter
1089 2443 1206 2510 liberos

18 2621 19 2648 ζ
118 2577 256 2622 amorem
280 2562 447 2640 paternum
470 2557 566 2639 plane
589 2553 765 2620 ostendere.
809 2555 893 2620 Sane
916 2553 977 2619 ho'c
998 2553 1100 2619 voluit
1116 2553 1204 2619 Euri-

18 2655 19 2670 *
116 2663 219 2749 pides,
242 2661 396 2728 cedride
417 2661 496 2746 quid
518 2663 631 2746 probet
653 2661 713 2728 hoc
734 2669 963 2745 argumentum.
992 2661 1106 2728 Nonne
1128 2662 1207 2729 satis

117 2781 165 2840 est
196 2771 473 2856 quodHerculem
508 2770 615 2837 dicere
646 2770 739 2836 linxit
760 2777 856 2855 poeta
877 2771 948 2837 loco
971 2793 1068 2857 supra
1093 2793 1207 2857 propo·

117 2883 188 2962 sito,
201 2882 263 2946 574
277 2884 367 2964 sqql’
390 2881 541 2946 Declarat
563 2881 618 2946 ille
640 2901 675 2946 se
696 2879 810 2946 libenti
832 2880 928 2947 corde
949 2881 1059 2947 mortis
1082 2883 1205 2966 pericu·

115 2993 182 3056 lum
204 3011 262 3076 pro
293 2989 404 3056 liberis
442 2992 658 3075 ingressurum
691 3010 775 3055 esse:
811 2997 884 3074 post
905 2990 1022 3056 liberos
1045 2992 1204 3057 interficit.

117 3099 229 3165 Nonne
244 3100 324 3166 haec
346 3100 485 3165 intense
508 3099 588 3164 bene
611 3097 824 3183 respondent?
848 3097 959 3165 Nonne
982 3099 1061 3165 haec
1083 3099 1126 3165 ad
1148 3100 1204 3164 mi-

116 3209 307 3274 serationem
324 3207 511 3274 movendam
528 3207 630 3273 satis?
645 3229 741 3273 unam
755 3227 819 3272 rem
837 3229 932 3291 quam
949 3208 1086 3275 fortasse
1105 3211 1207 3287 levem

116 3319 262 3399 habebis,
288 3317 401 3383 leviter
428 3325 567 3400 tangam.
596 3317 721 3382 ¹Solent
753 3337 907 3402 personae
934 3319 1086 3400 tragicae,
1120 3326 1207 3403 post-

116 3417 212 3511 quam
235 3426 373 3493 exeundi
394 3427 563 3494 consilium
586 3433 746 3511 ceperunt,
777 3426 925 3508 perbrevi
947 3433 1088 3510 tempore
1109 3427 1207 3492 exire.

115 3539 205 3604 Dicit
225 3538 379 3603 Hercules
404 3558 433 3602 r.
457 3539 531 3600 622:

234 3643 302 3709 ἀλλ’
325 3635 376 3724 τῖ’,
400 3638 574 3728 ὁμαρτεῖτ’,
598 3629 625 3706 σῖ
650 3642 742 3719 τέκν’,
770 3637 817 3718 εἰς
838 3637 959 3725 δόμοις
982 3642 1091 3724 πατρί.

117 3755 374 3822 Consentaneum
396 3755 495 3836 igitur
515 3760 584 3818 erat
605 3772 676 3818 eum
698 3760 771 3835 post
792 3752 867 3816 628:

238 3862 277 3936 ori
298 3865 358 3954 γὰρ
381 3863 550 3952 πτερωτός
572 3861 648 3933 οὐδὲ
668 3867 809 3955 φευξείω
831 3867 948 3954 φίλους

117 3999 314 4008 —---·-—-

216 4067 250 4116 36
270 4065 398 4133 Ineptum
425 4081 507 4132 quem
528 4064 608 4117 omisi
634 4081 659 4117 v.
678 4065 730 4117 576
747 4063 852 4131 optimo
878 4064 937 4117 iure
960 4061 1063 4116 delevit
1081 4061 1205 4116 Herwer-

116 4161 210 4214 denus.
245 4159 377 4214 Perverse
395 4159 570 4214 intellexerat
589 4160 772 4229 interpolator
789 4160 860 4214 illud
876 4153 1030 4228 χαιρόντων
1050 4153 1139 4214 πόνοι.
1175 4159 1207 4214 In

116 4257 170 4313 eto
189 4258 265 4312 recte
282 4256 393 4328 scripsit
410 4254 454 4310 W.
474 4258 508 4312 A.
528 4256 633 4320 Ε.,229
652 4249 754 4310 τεκόντι
773 4273 826 4326 pro
844 4259 959 4328 γέροντι.
