2842 4870
707 337 741 390 38

180 500 305 587 ὄνειδος
328 512 396 576 721.
440 512 639 577 Sententiam
659 531 687 577 v.
703 512 773 589 720,
796 529 878 593 qnae
900 511 960 575 hoc
982 510 1052 575 loco
1066 496 1169 576 rerum
1184 509 1271 576 ordi-

180 641 252 686 nem
274 620 390 703 turbet,
413 639 470 687 suo
488 621 558 687 loco
581 621 712 686 Phereti
733 627 830 705 poeta
847 619 959 685 tribuit
981 620 1180 702 otc-tols

328 763 442 848 σοφῶς
464 762 492 826 δ’
514 760 652 848 ε’φηῦρες
675 754 758 826 ὥστε
780 756 824 846 μὴ
847 763 961 825 θανεῖν
984 781 1076 839 ποτε,

328 865 358 936 ελ
378 865 436 956 τὴν
458 870 630 953 παροῦσαν
652 873 828 961 κανθανεῖν
851 868 977 946 πείσεις
997 861 1048 934 ἀεὶ

328 979 447 1064 γυναῖχ’
470 974 553 1062 ὑπὲρ
574 980 644 1046 σοῦ.

181 1124 269 1192 Dicti
302 1124 371 1190 sale
402 1131 434 1191 et
468 1123 642 1190 acerbitate
675 1123 894 1190 delectabatur
925 1123 1142 1208 interpolator,
1161 1083 1274 1205 ¹atque

182 1228 372 1297 sententiam
394 1228 530 1296 dilatare
552 1231 682 1298 studuit.
755 1243 757 1248 '

282 1591 329 1656 De
351 1609 379 1656 v,
398 1590 581 1656 817-8202

185 1719 249 1782 ΘΕ.
288 1707 346 1781 οὐκ
368 1702 472 1800 ἦλθες
493 1715 527 1781 ἐν
548 1715 654 1781 δέοντι
676 1713 834 1797 δέξασθαι
855 1709 979 1798 δόμοις,
1048 1751 1053 1760 ·

287 1824 414 1902 πένθος
434 1820 493 1908 γὰρ
515 1820 592 1910 ἡμῖν
614 1823 696 1890 ἐστι·
718 1824 772 1889 καὶ
795 1818 918 1908 κονροῖν
938 1823 1072 1907 βλέπεις

286 1934 541 2017 μελομπέπλονς
562 1927 722 2016 στολμούς
742 1955 787 1998 τε.
810 1937 879 1999 ΗΡ.
901 1932 952 2011 τίς
973 1932 1000 1998 δ’
1023 1927 1041 1999 ὁ
1063 1927 1249 2014 sactorum

288 2043 360 2126 μῶν
381 2036 404 2127 ἢ
423 2042 543 2107 τέκνων
564 2064 594 2107 τι
617 2041 762 2129 φροῦδον
787 2035 807 2129 ἢ
827 2039 929 2125 γέρων
949 2038 1074 2131 πατήρς
1211 2044 1277 2108 820

283 2183 373 2254 Scire
393 2188 422 2252 si
445 2187 494 2254 vis
517 2185 596 2268 quio
619 2185 705 2252 docti
719 2185 781 2252 viri
804 2185 916 2254 dehis
938 2185 1084 2252 versibus
1103 2186 1273 2267 senserint,

185 2297 281 2363 velim
303 2316 343 2364 ea
364 2296 508 2363 conferas
531 2315 613 2379 quae
634 2294 670 2360 P.
693 2293 848 2360 indicavit
870 2294 905 2360 in
925 2294 1067 2360 editione
1086 2313 1155 2360 sua.
1192 2293 1276 2360 Cum

185 2405 333 2472 Nauckio
356 2406 393 2470 Ε.
416 2404 447 2470 S.
470 2405 512 2471 ΙΙ.
529 2406 569 2470 76
591 2423 637 2487 sq.
661 2403 825 2469 consentio
854 2402 1055 2470 emendanda
1089 2422 1160 2470 esse
1180 2402 1277 2468 seho-

186 2515 301 2581 liastae
322 2515 420 2580 verba
453 2512 496 2578 ud
517 2514 588 2595 820,
611 2514 657 2579 ita
687 2519 722 2578 ut
754 2533 812 2597 pro
845 2511 919 2596 τρία
950 2513 1095 2596 legamus
1124 2509 1276 2594 τέσσαρα.

186 2622 275 2688 Idem
308 2642 378 2688 cum
404 2620 672 2687 Hannemuellero
705 2621 869 2686 consentio
901 2619 1055 2686 delendos
1080 2639 1189 2686 versus
1218 2640 1278 2687 eos

186 2749 257 2799 esse
279 2750 357 2814 quoe
380 2727 546 2812 exscripsi.
581 2727 699 2794 Versus
721 2728 807 2793 enirn
828 2729 889 2794 820
910 2749 974 2794 non
993 2728 1073 2794 mihi
1095 2728 1277 2796 tolerabilis

186 2859 257 2906 esse
279 2837 415 2904 videtur.
460 2836 629 2903 Confectus
651 2843 700 2902 est
721 2856 761 2902 ex
783 2837 830 2903 cis
853 2823 936 2921 onae
948 2839 1020 2902 514.
1035 2839 1096 2903 516
1110 2835 1278 2921 proprium

187 2947 306 3012 habent
327 2946 440 3015 locum.
495 2944 560 3011 Sed
591 2945 703 3029 inepta
733 2952 783 3011 est
813 2946 893 3012 haec
928 2946 1136 3030 interrogatio
1167 2951 1278 3012 nostro

187 3055 270 3119 loco:
292 3053 437 3126 Herculis
465 3052 564 3117 verba
584 3047 660 3136 γυνή
678 3055 820 3133 θυραῖος
841 3047 860 3138 ἡ
883 3055 1031 3118 θανοῦσα
1055 3054 1278 3120 demonstrant

187 3183 259 3230 eum
281 3163 380 3242 probe
396 3161 478 3228 scire
500 3161 653 3228 feminam
674 3181 745 3228 esse
776 3182 857 3244 quae
890 3170 1016 3228 mortua
1050 3169 1108 3228 est.
1162 3162 1277 3244 Neque

157 3340 160 3345 ,
187 3269 266 3335 mihi
277 3269 692 3354 probaturHannemuclleri
705 3269 896 3348 coniectura,
910 3269 966 3353 qui
983 3270 1100 3336 mutari
1113 3270 1200 3338 iubet
1212 3276 1278 3335 tra-

187 3378 258 3445 dita
278 3377 376 3445 verba
397 3399 427 3444 v.
448 3379 524 3443 816:

368 3494 435 3566 ἀλλ’
458 3488 477 3586 ἦ
499 3479 648 3566 aaronita
666 3501 743 3567 δείν’
766 3497 832 3567 ὑπὸ
857 3502 956 3584 ξένων
976 3501 1077 3586 ἑμῶν;

187 3629 335 3695 Herculis
360 3648 514 3713 personae
538 3629 620 3695 bene
645 3628 813 3694 convenire
838 3628 962 3696 videbis
992 3631 1021 3696 si
1049 3649 1175 3695 versum
1198 3649 1277 3694 nrox

188 3745 372 3822 sequentem
395 3739 456 3804 829
478 3738 697 3822 reputaveris:

334 3861 391 3950 βίᾳ
412 3861 448 3928 δὲ
467 3865 578 3946 θυμοῦ
599 3857 691 3928 τάσδ’
713 3857 911 3944 ὑπερβαλών
932 3857 1045 3939 πύλας.

287 4007 462 4086 Quominus
487 4028 558 4073 cum
580 4008 619 4072 K.
644 4007 834 4090 Priuuioque
856 4007 974 4073 faciam
1002 4006 1063 4072 hoc
1091 4007 1161 4073 loco
1190 4005 1279 4072 laon-

188 4137 264 4182 uum
285 4135 355 4182 esse
377 4115 606 4182 conicientibus
629 4116 713 4183 duae
742 4115 944 4200 potissimum
971 4116 1099 4182 obstant
1127 4113 1281 4184 rationes.

190 4226 364 4294 Verborum
385 4224 573 4293 traditorum
595 4227 707 4311 plenus
729 4231 778 4292 est
808 4244 931 4304 sensus,
966 4232 1061 4308 atque
1093 4224 1149 4290 vix
1179 4223 1283 4296 facile
