2842 4870
621 365 656 428 49

180 545 247 622 ,Βε
270 567 299 612 v.
313 545 452 613 79—81:

269 649 360 733 ὅσοις
381 651 532 722 διδακτὸν
553 655 661 741 μηδέν,
685 648 753 720 ἀλλ’
774 655 808 721 ἐν
829 659 868 744 τῇ
891 650 989 743 φύσει
1069 736 1071 741 Α

269 759 308 829 τὸ
331 769 517 853 σωφρονεῖν
538 758 663 851 εἴληχεν
683 760 730 842 εἷς
752 760 794 829 τὰ
815 759 910 829 πάντ’
931 764 992 845 ἀεί,
1156 765 1196 829 80

268 866 398 950 τούτοις
419 873 622 958 δρέπεσθαι·
645 876 717 952 τοῖς
737 877 866 940 κακοῖσι
887 873 914 939 d’
939 864 977 938 οὗ
1000 849 1106 955 θέρεος.

173 1077 177 1088 .
199 999 305 1064 lltiam
325 999 360 1064 hi
381 1001 484 1084 spurii
507 1006 590 1066 sunt.
633 995 762 1066 Naucki
786 1001 826 1067 de
841 999 902 1066 hoo
924 1002 995 1066 loco
1018 999 1195 1084 disputatio

21 1107 23 1118 ’
103 1109 137 1172 Ε.
160 1107 192 1174 S.
214 1107 256 1172 II.
279 1109 298 1173 d
320 1130 392 1175 oum
414 1109 512 1174 aliam
534 1116 602 1174 tum
625 1109 707 1175 hano
730 1111 899 1194 inprimis
922 1109 1055 1193 praebet
1077 1107 1199 1174 utilita-

21 1213 22 1232 .
103 1223 164 1282 tem
187 1215 275 1299 quod
307 1223 414 1283 monet
446 1219 502 1284 ille
524 1239 553 1283 v.
576 1219 617 1282 80
638 1211 733 1284 nobis
755 1219 870 1284 iterum
892 1217 926 1283 in
949 1217 1086 1283 Bacchis
1109 1214 1198 1296 (316)

21 1379 22 1416 3
103 1325 253 1406 traditum
274 1329 391 1392 essem.
434 1325 501 1392 Sed
523 1328 593 1391 iure
621 1326 789 1392 damnavit
811 1325 850 1390 K.
873 1324 990 1391 Bacch.
1013 1326 1084 1410 316,
1112 1324 1198 1389 dam·
1282 1313 1286 1321 ¹

21 1439 22 1462 l
103 1435 226 1502 naudus
249 1441 298 1501 est
319 1435 417 1519 Hipp.
441 1435 490 1500 80.
533 1435 648 1518 Neque
671 1435 768 1500 fuerit
789 1433 850 1500 hoc
879 1434 940 1499 tibi
971 1419 1005 1498 in
1031 1433 1198 1498 miraculo:

104 1535 198 1611 certis
230 1545 427 1628 argumentis
460 1543 693 1610 demonstravit
724 1544 859 1610 Balarus
867 1545 893 1584 ²²
928 1543 1003 1608 Bao.
1037 1543 1098 1606 215
1126 1542 1199 1608 sub·

105 1654 240 1720 ditivum
274 1673 354 1736 esse,
380 1658 487 1718 monet
521 1653 658 1719 eundem
690 1653 756 1737 legi
777 1653 852 1737 Hip.
876 1653 947 1736 281,
980 1651 1036 1717 ubi
1063 1650 1201 1717 subditi·

103 1784 176 1828 vum
199 1781 269 1828 esse
292 1761 437 1846 spondeo
459 1767 557 1845 atque
577 1783 652 1828 mox
673 1761 909 1829 demonstrabo.
952 1760 1133 1827 Admodum
1154 1761 1201 1827 ia-

21 1867 22 1952 }
103 1873 174 1937 cilis
202 1873 302 1955 igitur
324 1869 510 1937 coniectura
532 1879 590 1956 est,
613 1873 755 1955 antiquis
778 1873 1037 1955 temporibus-
1052 1871 1120 1937 noli
1138 1869 1198 1936 hoc

21 1973 22 2056 Ϊ
105 1981 276 2064 neglegere
301 2017 337 2025 —
364 1979 499 2046 eandem
521 2002 650 2046 manum
673 1981 945 2063 interpolatricem
972 1982 1057 2046 etin
1076 1979 1201 2065 Hippo·

21 2099 22 2108 ’
106 2090 174 2174 lyto
182 2096 219 2153 et
229 2088 264 2153 in
279 2088 416 2154 Bacchis
439 2095 619 2172 grassatam
641 2107 721 2155 esse.
743 2089 857 2172 Neque
881 2089 998 2155 desunt
1019 2089 1084 2154 alia
1106 2088 1202 2155 docu-
1224 2143 1227 2156 .

105 2193 269 2280 montani
285 2196 388 2278 fallor,
410 2196 470 2261 etsi
490 2196 594 2283 minus
606 2196 777 2261 luculenta.
800 2195 1075 2262 Sedadnostrum
1097 2196 1202 2261 locum

105 2291 311 2372 re'vertamus.
336 2304 437 2384 'Quae
459 2304 638 2388 disputavit
659 2305 698 2370 N.
721 2306 795 2370 nolo
817 2312 979 2390 repetere:
1003 2304 1085 2370 baec
1106 2303 1201 2369 addo.

104 2415 261 2499 Abrumpi
283 2433 342 2498 per
364 2414 443 2480 istos
464 2433 577 2479 versus
600 2415 792 2479 sententiam
813 2413 921 2480 vides:
943 2435 1007 2480 non
1031 2416 1202 2479 excusatur

104 2523 218 2590 versus
239 2523 278 2587 79
300 2522 494 2608 asyndeton:
518 2527 605 2588 earet
627 2523 753 2589 obiecto
775 2524 908 2590 verbum
930 2521 1125 2604 δρέπεσθαι,
1148 2541 1204 2586 ne·

21 2683 22 2698 .
105 2651 168 2715 que
190 2631 288 2698 habet
316 2652 356 2697 ex
380 2652 449 2715 ¹quo
480 2638 555 2717 apte
586 2631 735 2715 pendeat.
779 2631 932 2711 Quamvis
960 2631 1120 2698 sententia
1141 2630 1202 2695 tibi

21 2753 22 2770 ¹
104 2741 192 2807 bella
212 2740 362 2806 videatur
387 2775 421 2786 -
445 2739 526 2805 mihi
547 2745 656 2806 tamen
671 2739 833 2824 displicet,
853 2761 929 2807 nam
948 2741 1031 2807 bene
1054 2741 1202 2806 observa-

104 2852 152 2916 vit
172 2849 373 2915 Maoaulaius
402 2850 512 2915 nescio
541 2869 604 2932 quo
635 2850 718 2915 libro
752 2849 854 2936 bellos
885 2852 974 2916 locos
1001 2850 1093 2934 poesi
1121 2850 1204 2916 male

105 2961 247 3025 insertos
270 2957 427 3024 indicium
440 2977 510 3024 esse
530 2959 727 3024 senescentis
750 2959 829 3024 artis
844 2995 894 3042 -,
909 2979 1041 3026 necesse
1063 2964 1112 3026 est
1130 2980 1204 3025 con-

106 3067 206 3132 cedas
231 3067 420 3149 scriptorem
442 3087 507 3132 non
526 3065 625 3132 fuisse
642 3066 758 3132 Graeci
781 3069 938 3133 sermonis
960 3069 1107 3152 peritum.
1150 3069 1205 3134 At-

106 3196 182 3260 que,
211 3196 252 3241 ne
280 3177 376 3242 etiam
409 3174 469 3241 hoo
496 3181 629 3253 taceam,
663 3176 758 3241 valde
781 3176 879 3242 miror
899 3179 1059 3244 neminem
1082 3177 1205 3244 vidisse

104 3322 147 3332 —
160 3286 225 3351 nisi
246 3285 383 3351 fortasse
406 3283 442 3350 id
461 3275 647 3368 Musgravio
670 3285 832 3351 inanimo
855 3292 925 3352 erat
947 3287 1099 3353 scribenti
1121 3307 1151 3352 v.
1166 3287 1205 3350 79

104 3386 217 3471 ὅσοισι
242 3387 389 3458 πλαστὸν
412 3429 449 3440 -
472 3400 671 3478 quantopere
698 3391 778 3460 haec
805 3416 877 3461 cum
898 3396 1066 3461 952-954
1088 3396 1206 3462 discre-

104 3507 203 3586 pent:
236 3502 318 3568 nihil
339 3509 448 3568 tamen
471 3523 531 3587 ego
554 3502 614 3569 hoc
638 3509 826 3586 argumento
847 3505 971 3587 abutar,
994 3525 1066 3571 oum
1088 3510 1206 3570 utrum-

107 3630 175 3693 que
196 3612 302 3678 locum
324 3617 453 3678 nostrae
474 3610 604 3678 tabulae
626 3611 766 3678 alienum
789 3631 861 3680 esse
883 3619 1001 3698 putem.

210 3812 244 3864 21
262 3809 361 3866 Nonne
377 3829 485 3866 mecum
499 3813 638 3867 consentis
656 3813 686 3867 id
700 3813 780 3868 nobis
797 3813 900 3868 indicio
911 3828 968 3869 esse
984 3813 1095 3884 debere,
1113 3831 1206 3869 secun·

106 3906 176 3962 dam
207 3907 332 3962 codicum
356 3910 470 3964 classem
494 3907 641 3978 Hippolyti
669 3909 731 3964 looo
755 3909 941 3978 antiquiorem
963 3927 1086 3965 servasse
1105 3911 1208 3989 ¹lectio·

104 4021 174 4058 nem
191 3999 241 4070 ἀεί,
267 4005 515 4074 grammaticorum
533 4022 591 4058 esse
610 4009 799 4060 correcturum
817 4004 902 4077 ὁμῶς,
930 4007 979 4075 qui
997 4007 1148 4061 studebant
1166 4007 1207 4061 in·

104 4101 292 4168 terpolatoris
310 4101 396 4156 verba
414 4105 497 4170 poeta
515 4101 608 4170 paullo
625 4101 755 4172 digniora
767 4101 902 4157 reddere?

212 4198 246 4250 22
265 4195 412 4258 Animadv.
432 4197 462 4251 in
480 4201 555 4267 poet.
574 4201 647 4267 trag.
667 4196 795 4265 Graecos,
814 4200 848 4252 78
867 4215 907 4266 sq.
