2842 4870
182 437 309 522 pineus,
333 438 481 503 uelatum
505 437 578 503 nico
592 437 813 523 Hippolytum.
836 439 952 505 mullus
976 438 1087 506 ruore
1110 439 1187 521 quin
1202 437 1280 505 rure

181 547 312 612 fabulae
338 546 543 614 adscribendi
571 547 635 614 sint
662 568 773 614 versus
800 549 944 632 nonnulli
964 548 1018 632 qui
1040 547 1115 615 huie
1137 567 1278 614 scaenae

183 655 412 740 impedimento
435 659 550 725 suntil.
592 657 652 723 His
672 655 894 741 praemonitis
927 678 1077 726 scaenam
1102 657 1278 725 ordinatim

183 771 425 849 pertractemus.

281 891 399 957 Versus
421 892 601 957 477-481:

333 1019 478 1084 νοσοῦσα
500 1017 527 1082 d'
551 1003 588 1081 ed
609 1041 683 1095 πως
698 1013 757 1106 τὴν
779 1011 877 1084 νόσον
899 1015 1135 1103 κατασερέφον.
1180 1031 1189 1052 ·

332 1123 464 1208 aloiad'
490 1126 616 1216 ἐπῳδαὶ
636 1128 690 1194 καὶ
711 1123 801 1214 λόγοι
823 1121 1027 1214 θελκτήριον

334 1230 514 1324 φανήσεταί
534 1262 567 1303 τι
587 1239 685 1328 τῆσδε
707 1234 879 1326 φάρμακον
904 1237 1012 1304 νόσου.

334 1331 354 1431 ἦ
375 1334 444 1429 τᾶρ’
467 1339 506 1411 tio
529 1339 595 1432 ὀψέ
608 1347 647 1433 Ὶγ’
668 1337 783 1431 ἄνδρες
805 1341 966 1432 ε’ξεύροιεν
982 1337 1030 1428 dv,
1216 1351 1284 1414 480

333 1449 362 1520 εἰ
382 1449 427 1540 μὴ
449 1459 596 1538 γυναῖκες
614 1451 758 1542 μηχανὰς
779 1450 958 1543 εὑρήσομεν

186 1600 225 1646 oo
247 1580 317 1647 loeo
339 1581 394 1646 ubi
415 1600 474 1646 nos
496 1582 633 1666 legimus
646 1576 841 1649 'tolerabiles
865 1603 936 1650 esse
958 1585 1013 1666 qui
1036 1591 1109 1667 post
1124 1584 1285 1650 Wilamo-

187 1689 276 1754 witai
298 1689 548 1773 disputationem
569 1689 725 1774 adfirmat,
741 1690 875 1756 insanit:
898 1692 1097 1775 petulantiae
1112 1691 1285 1758 audaeiae-

188 1797 315 1881 quasit
336 1818 454 1882 negare
477 1819 531 1864 eos
552 1797 746 1884 Euripideos
769 1820 840 1866 esse
853 1803 889 1866 ²⁷.
927 1801 1040 1868 Simile
1055 1802 1174 1869 habent
1189 1821 1287 1886 argu-

187 1914 327 2010 mentum
349 1907 403 1972 isti
425 1927 536 1974 versus
558 1927 596 1972 ao
616 1906 749 1989 genuini
770 1913 899 1972 nostrae
921 1907 1051 1974 fabulae
1074 1909 1256 1975 toa-512:

337 2027 425 2097 ἔστιν
446 2035 513 2096 κατ’
541 2025 651 2109 οἴκους
675 2029 795 2118 φίλτρα
817 2055 875 2114 μοι
897 2026 1075 2119 θελκτήρια

341 2135 475 2221 ἔρωτος,
499 2127 632 2236 diedesi
656 2131 729 2225 tipo
751 2165 809 2224 μοι
828 2136 955 2226 γνώμης
978 2137 1055 2216 ἔσω,
1219 2143 1287 2206 510

336 2245 401 2348 ἄρ’
419 2239 487 2317 οὔτ’
502 2249 554 2316 ἐπ’
570 2245 717 2332 αἰσχροῖς
732 2238 799 2314 oda'
815 2248 871 2314 ἐπὶ
884 2244 988 2337 βλάβῃ
1003 2250 1134 2338 φρενῶν

337 2353 458 2424 παύσει
479 2352 577 2424 νόσου
598 2356 710 2444 τῆσδ’,”
722 2351 760 2446 ἢν
780 2353 819 2424 σι)
842 2352 886 2446 μὴ
908 2357 980 2445 γένῃ
1002 2352 1082 2447 κακή
1095 2361 1131 2423 ²⁸.

291 2485 393 2564 Quam
414 2487 448 2551 in
469 2485 520 2552 his
542 2484 689 2550 versibus
711 2483 903 2550 sententiam
918 2476 1041 2550 invenit
1061 2484 1286 2569 interpolator,

191 2594 353 2680 gaudebat
377 2615 412 2662 se
435 2615 507 2660 eam
536 2595 628 2660 faoili
655 2594 765 2660 labore
787 2594 904 2660 iterare
927 2591 1031 2678 posse.
1075 2589 1165 2660 Idem
1188 2611 1288 2678 argu·

192 2711 332 2771 mentum
354 2703 485 2786 explent
506 2703 685 2766 513-515:

291 2920 326 2974 26
346 2920 414 2974 Gom
432 2921 466 2974 de
484 2924 580 2974 nostra
603 2919 700 2974 fabula
723 2919 857 2973 iudicium
875 2919 1101 2989 pronuntiaverit
1119 2918 1286 2987 Aristopha·
1306 2979 1307 2984 η

191 3035 240 3071 nes
258 3017 408 3095 Byzantius
427 3016 473 3086 (of.
491 3015 730 3085 Trendelenbnrgi
741 3015 862 3069 Gramm.
877 3016 973 3070 Graes.
987 3015 1021 3069 de
1034 3020 1094 3070 arte
1113 3019 1185 3085 trag.
1198 3014 1286 3070 indie.

191 3113 251 3168 rell.
270 3113 315 3200 ll)
334 3113 413 3182 quasi
431 3113 468 3169 sit
487 3113 580 3181 aliquo
599 3111 681 3166 modo
700 3110 792 3166 Velati
817 3106 972 3182 διόρθωμα,
996 3111 1078 3166 faoile
1099 3111 1218 3166 oonieias
1234 3129 1285 3165 an-

192 3209 284 3280 tiquoe
302 3210 413 3265 eritieos
436 3209 501 3263 hine
518 3208 638 3264 maxime
661 3207 812 3278 explicasse
834 3225 929 3262 versus
948 3207 1061 3275 utrique
1080 3206 1191 3260 fabulae
1210 3222 1286 3262 eom·

193 3323 297 3362 munes.

291 3405 326 3456 27
345 3403 449 3458 Contra
466 3403 509 3457 W.
530 3406 624 3456 tamen
643 3406 711 3472 puto
731 3404 921 3473 κατασιρέφου
938 3401 978 3456 ita
995 3400 1214 3470 intellegendum
1225 3418 1289 3458 esse

192 3504 224 3554 ut
243 3499 279 3553 sit
293 3500 426 3570 proflipo:
446 3498 591 3554 remedium
608 3499 709 3553 amoris
729 3503 771 3553 est
790 3493 941 3570 φάρμακον
961 3491 1053 3566 νόσου,
1080 3514 1137 3551 non
1160 3512 1288 3552 coaeum-

192 3592 279 3648 mata'o
297 3593 404 3649 aowria.
442 3593 496 3650 Sed
515 3583 639 3663 quamvis
657 3595 729 3649 hane
747 3593 899 3649 honestatis
918 3594 1037 3663 speeiem
1060 3609 1128 3663 prae
1146 3609 1174 3647 se
1193 3591 1290 3650 ferant

193 3689 253 3758 ipsa
270 3690 364 3758 verba,
383 3691 562 3746 subandimus
589 3695 690 3758 tamen,
718 3691 832 3744 minime
854 3707 934 3760 nega,
959 3689 1093 3745 contrarii
1121 3708 1215 3745 aeneus
1239 3709 1286 3746 au·

194 3786 377 3840 surrationea:
396 3792 524 3856 apertum
543 3793 585 3844 est
602 3793 714 3858 poetam
730 3806 786 3843 non
804 3789 925 3842 voluisse
943 3803 1052 3842 sensum
1073 3805 1205 3856 noneste
1227 3805 1286 3842 am·

193 3881 318 3952 bignnm.
354 3882 408 3937 Sed
426 3884 456 3938 in
474 3888 644 3940 structuram
661 3885 752 3940 Velati
764 3883 921 3954 Hippolyti,
940 3901 995 3953 quo
1013 3883 1153 3938 referendi
1172 3889 1237 3938 aunt
1254 3885 1287 3938 hi

194 3994 298 4047 versus,
316 3996 390 4033 nune
407 3979 548 4050 inquirere
566 3998 622 4034 non
640 3984 682 4034 est
699 3980 753 4035 mei
771 3980 917 4051 propositi.

292 4077 327 4128 28
345 4074 386 4130 Ne
403 4079 432 4130 te
450 4075 556 4147 fugerit
573 4080 685 4146 poetam
705 4093 738 4133 ex
757 4075 895 4133 industria
914 4076 1001 4132 etiam
1022 4076 1094 4134 hana
1112 4093 1208 4132 vooem
1227 4095 1284 4132 arn·

194 4171 279 4244 biguo
298 4187 379 4228 sensu
397 4188 552 4244 usurpasse.
