2842 4870
734 344 768 412 bb

202 520 315 611 Neque
342 529 407 594 tam
430 531 528 595 anxia
552 552 628 597 cura
647 532 797 616 providet
818 530 965 597 Phaedra
993 551 1033 598 ne
1058 533 1215 598 nutricem
1237 533 1298 598 do·
1417 511 1418 546 ³

200 638 268 703 lore
290 637 425 703 afficiat:
459 639 550 705 aliud
579 641 655 724 agit.
699 641 735 706 Si
762 661 813 706 me
848 641 944 706 nimis
978 639 1040 706 hoc
1071 648 1297 724 argumentum

200 765 345 831 premere
367 747 502 831 iudices,
523 733 621 815 velim
642 749 722 815 mihi
745 750 888 834 explices
911 749 992 815 illud
1013 745 1154 816 τάλαινα.
1196 750 1296 817 Nullo

200 858 270 923 iure
302 847 486 941 appellatur
517 859 626 923 nutrix
658 859 785 925 misera.
829 859 1021 941 Priusquam
1044 861 1105 924 328
1133 861 1296 925 examine-

200 985 280 1048 mus,
314 985 505 1048 quaeramus
539 968 618 1050 quid
651 967 714 1032 sibi
746 968 826 1033 velit
853 969 913 1031 329
947 968 1035 1034 istud
1068 961 1146 1033 ὀλεῖ.
1188 969 1296 1034 Huius

199 1075 289 1140 vocis
314 1073 536 1141 difficultatem
564 1095 627 1140 non
656 1076 853 1141 sustulerunt
875 1074 1024 1141 editores.
1067 1077 1203 1143 Videtur
1223 1077 1296 1159 qui·
1417 1169 1418 1174 γ

199 1183 272 1249 dem
306 1184 535 1249 sententiarum
569 1190 719 1250 contextu
753 1186 832 1250 satis
867 1185 999 1251 defendi
1032 1186 1192 1270 scriptura
1212 1182 1295 1251 ὀλεῖ.

3 1309 7 1324 ’
98 1303 99 1306 ’
200 1290 373 1357 Continuat
404 1313 434 1357 v.
468 1293 528 1357 327
561 1294 806 1376 repugnantiam
841 1292 1000 1390 Phaedra.
1044 1294 1158 1378 Atque,
1191 1300 1225 1359 ut
1257 1295 1297 1360 id

198 1402 307 1467 statim
327 1401 442 1485 dicam,
465 1403 589 1467 conicio
607 1403 868 1485 interpolatorem
895 1423 966 1467 cum
980 1423 1010 1467 v.
1026 1405 1086 1467 327
1110 1408 1141 1468 et
1165 1404 1296 1470 initium

198 1511 259 1574 329
287 1511 505 1577 conscriberet
529 1511 727 1595 spectavisse
755 1513 816 1574 353
839 1530 907 1593 sqq.
956 1510 1070 1595 Neque
1099 1511 1295 1578 scholiastae
1417 1597 1418 1600 Ἴ

198 1618 377 1684 adnotatio:
411 1609 492 1695 εἶτα,
525 1617 632 1705 φησίν,
666 1612 866 1701 ἀπολοῦμαι,
900 1619 1067 1686 confirmat
1100 1622 1295 1704 scripturam

199 1719 298 1805 ὀλεῖς;
331 1749 405 1794 nam
432 1730 567 1818 alterum
600 1748 727 1795 sensum
759 1729 893 1812 praebet
909 1724 912 1730 ’
928 1717 1024 1807 ὀλεῖς,
1061 1731 1197 1795 alterum
1221 1719 1296 1793 εἶτα

197 1829 396 1920 ἀπολοῦμαι,
421 1845 589 1922 utrumque
611 1846 720 1904 nostro
742 1841 813 1905 loeo
831 1839 1051 1922 incongruum.
1096 1835 1296 1921 Sed‘parum

197 1954 272 2033 apte
305 1950 483 2014 conectitur
513 1947 601 2014 istud
634 1937 704 2012 ὀλεῖ
728 1947 781 2012 vel
803 1938 891 2022 ὀλεῖς
917 1967 988 2012 cum
1021 1947 1148 2029 reliqua
1179 1967 1295 2014 versus

196 2062 302 2140 parte:
324 2051 362 2120 ιὸ
385 2055 496 2136 μέντοι
518 2055 637 2139 πρᾶγμ’
669 2054 742 2137 ἐμοὶ
767 2053 862 2142 τιμὴν
884 2053 986 2140 φέρει.
1031 2054 1123 2134 Quae
1146 2057 1296 2122 clausula

196 2165 276 2235 mihi
298 2166 426 2231 videtur
459 2167 552 2248 quasi
585 2165 778 2245 substructio
807 2166 915 2248 posita
944 2184 1014 2230 esse
1044 2184 1109 2247 qua
1136 2167 1296 2231 niteretur
1417 2247 1418 2256 ἶ

198 2295 227 2339 v.
241 2276 311 2356 331,
334 2295 448 2357 neque,
469 2281 556 2358 puto,
579 2275 699 2358 poteris
723 2275 949 2339 eamullaalia
970 2274 1094 2340 ratione
1117 2275 1294 2358 explicare.
1417 2293 1418 2356 ᾗ

198 2381 264 2448 Sed
285 2403 370 2448 nunc
391 2382 434 2447 ad
455 2384 516 2446 328
539 2382 717 2466 redeamus,
749 2402 844 2465 quem
872 2383 1015 2466 ineptum
1043 2401 1115 2448 esse
1140 2383 1296 2448 viderunt
1417 2439 1418 2470 3

197 2492 396 2576 interpretes.
439 2493 532 2557 Nova
552 2497 740 2576 argumenta
762 2493 879 2574 quibus
895 2493 1099 2557 verissimum
1119 2491 1154 2557 id
1175 2491 1294 2557 iudici-

195 2621 248 2666 um
272 2601 475 2684 comprobem
501 2621 566 2666 non
598 2601 701 2667 habeo
730 2620 833 2683 neque
862 2607 897 2666 tu
924 2601 1079 2685 requiras.
1122 2599 1189 2666 Sed
1210 2599 1295 2666 mihi

195 2729 384 2793 persuasum
406 2716 455 2774 est
487 2711 654 2793 antiquam
680 2710 774 2776 nobis
807 2710 959 2776 traditam
992 2729 1064 2774 esse
1097 2710 1294 2791 scripturam
1417 2735 1418 2756 ι

195 2838 299 2901 neque
322 2825 513 2902 corruptam.
556 2818 629 2883 Non
644 2817 784 2884 audebat
805 2819 930 2884 scilieet
951 2819 1163 2902 interpolator
1183 2837 1293 2884 rerum

195 2933 313 2993 statum
341 2928 437 3010 plane
459 2928 642 3010 neglegere:
674 2926 774 3010 probe
796 2928 1024 2993 observaverat
1046 2927 1107 2992 iste
1132 2928 1292 2998 nutricem

194 3034 275 3102 haec
291 3036 548 3120 pronuntiantem
567 3036 610 3101 ad
623 3035 790 3102 Phaedrae
813 3037 912 3122 pedes
935 3037 1049 3120 iacere,
1072 3043 1169 3119 atque
1191 3056 1292 3101 unum

194 3165 343 3210 versuum
378 3163 507 3210 suorum
537 3144 710 3211 admodum
741 3150 845 3210 astute
877 3143 970 3208 finxit
995 3146 1137 3228 supplici
1167 3150 1291 3228 aptum.
1417 3199 1418 3210 ,

194 3253 286 3318 Hanc
307 3253 532 3318 necessitatem
547 3253 640 3318 obliti
655 3259 729 3318 sunt
744 3254 800 3335 qui
814 3247 1007 3320 mutationes
1022 3255 1127 3337 magis
1142 3254 1292 3319 minusve
1417 3327 1418 3344 χ

193 3364 359 3446 speciosas
389 3362 508 3428 inferre
540 3361 737 3427 studuerunt.
780 3363 829 3427 De
851 3383 880 3426 v.
904 3364 963 3427 331
997 3364 1095 3428 velim
1129 3363 1291 3429 coniectu·
1417 3373 1418 3444 ζ

194 3493 262 3537 ram
284 3471 399 3538 audias
419 3490 551 3555 prorsus
568 3472 731 3536 incertam.
775 3470 866 3536 'Palis
882 3477 930 3536 est
944 3492 1058 3572 versus
1078 3492 1176 3554 quern
1191 3465 1291 3537 facilc
1417 3481 1418 3564 ᾗ

195 3581 303 3662 quivis
326 3581 360 3646 in
382 3582 537 3646 memoria
560 3586 675 3645 teneat.
712 3580 863 3646 Fortasse
886 3582 1010 3648 exstitit
1031 3582 1108 3647 olim
1131 3583 1165 3646 in
1185 3580 1294 3646 altera
1349 3627 1357 3638 .

193 3690 372 3774 Hippolyto
400 3691 546 3772 quamvis
580 3689 613 3754 in
636 3694 785 3754 contextu
809 3689 969 3755 dissimili.
1013 3690 1110 3775 Apud
1131 3689 1292 3754 Senecam
1417 3673 1418 3680 ὀ

193 3798 330 3864 Phaedr.
347 3799 407 3862 598
429 3818 488 3863 usa
509 3803 559 3863 est
573 3795 722 3862 Phaedra
748 3816 854 3863 coram
869 3798 1048 3882 Hippolyto
1069 3817 1177 3864 secum
1191 3797 1293 3861 collo-

194 3925 295 3988 quens
317 3904 369 3970 his
390 3905 512 3972 verbis:
534 3905 660 3970 bouestc
681 3905 833 3986 quaedam
853 3905 969 3970 sociem
990 3926 1147 3971 οιιεοιεειιε
1164 3904 1255 3986 facit.
