2842 4870
651 345 683 416 51

128 523 194 590 281.
238 524 342 607 Atque
363 523 424 590 hoo
447 526 518 592 loco
547 544 642 608 spero
663 524 743 590 mihi
764 525 893 590 veniam
916 522 984 588 fore
1007 521 1035 588 si
1059 521 1215 606 suspicio-

128 652 196 698 nem
218 634 317 716 paulo
338 632 545 701 audaciorem
560 635 706 716 eloquar.¹
745 631 864 698 Nescio
886 652 929 698 an
950 630 1097 698 conicere
1118 632 1217 698 liceat

12 761 14 802 ι
125 747 235 824 quarto
255 746 311 806 aut
333 742 471 810 fortasse
491 743 587 807 tertio
609 747 683 807 ante
707 739 868 806 Christum
890 741 1019 807 saeculo
1040 739 1214 807 histriones

12 851 14 928 ἶ
125 851 225 933 primo
240 849 365 947 cantico
387 851 544 934 neglecto,
563 871 592 918 v.
615 850 780 914 274-277
802 847 846 916 ad
864 847 1016 918 damnum
1036 850 1213 918 resarcien-

125 957 198 1024 dum
219 959 350 1044 dialogo
371 959 589 1026 inseruisset
720 997 722 1004 ,

222 1161 271 1227 De
292 1181 322 1227 v.
334 1161 515 1226 325-335:

174 1285 176 1289 ’
222 1291 299 1351 uA.
321 1285 353 1362 τί
375 1287 471 1376 ὁρᾷςς
492 1281 597 1370 βιάζει
618 1282 726 1372 χειρὸς
748 1285 968 1371 ἐξαρτωμένης
1153 1289 1214 1352 325

225 1399 286 1460 ΤΡ.
318 1396 372 1461 καὶ
394 1397 461 1461 σῶν
482 1418 517 1480 με
538 1391 691 1481 γονάτων,
715 1387 775 1464 κοῦ
795 1392 988 1483 μεθήσομαί
1008 1419 1102 1462 ποτε.

223 1509 300 1570 oA.
323 1499 403 1582 κάκ’,
427 1492 453 1570 ὦ
475 1501 616 1585 τάλαινα,
641 1507 694 1572 σαὶ
715 1501 783 1572 τάδ’
806 1502 836 1572 εἰ
857 1500 982 1583 πεύσει,
1006 1500 1096 1570 κακά.

225 1618 286 1681 ΤΡ.
320 1615 433 1698 μεῖζον
453 1613 513 1699 γὰρ
535 1609 557 1701 ἢ
577 1619 637 1682 σοῦ
658 1611 702 1704 μὴ
725 1618 833 1697 τυχεῖν
854 1613 888 1681 τί
910 1639 968 1698 μοι
989 1609 1106 1694 condo,-

223 1725 298 1790 ΦΑ.
321 1724 401 1790 ὀλεῖ.
426 1719 464 1790 cd
487 1723 599 1807 μέντοι
620 1726 744 1810 πρᾶγμ’
767 1723 841 1808 ἐμοὶ
861 1720 956 1810 τιμὴν
977 1723 1081 1811 φέρει.

224 1839 285 1902 ΤΡ.
318 1825 458 1900 adnata
476 1830 633 1919 κρύπτεις
651 1829 768 1922 χρήσθ’
792 1808 980 1918 ἱκνευμένης
1003 1831 1082 1916 ἐμοῦ
1089 1857 1100 1911 ‚·
1154 1833 1215 1897 330

223 1947 300 2010 oA.
319 1941 358 2008 *ἐκ
379 1947 446 2008 τῶν
467 1941 525 2028 γὰρ
547 1929 816 2028 αἰσχρῶνέσθλὰ
833 1937 1066 2028 μηχανώμεθα.

225 2057 286 2118 ΤΡ.
320 2042 438 2118 οὔκουν
455 2051 591 2136 λέγουσα
613 2052 789 2135 τιμιωτέρα
810 2055 925 2140 φανεῖς

223 2165 300 2226 ΦΑ.
321 2150 452 2226 doctos
473 2156 559 2246 πρὸς
579 2164 672 2234 θεῶν
693 2161 800 2242 δεξιᾶς
821 2160 849 2224 τ’
872 2159 950 2248 ἐμῆς
972 2158 1084 2244 μέθες.

226 2257 289 2338 ΤΡ.
322 2261 362 2336 od
384 2270 465 2355 δῆτ’,
489 2269 564 2336 ἐττεί
584 2293 642 2354 μοι
664 2251 771 2355 δῶραν
794 2262 832 2336 οὗ
855 2268 954 2348 δίδως
976 2260 995 2336 ὃ
1015 2272 1103 2358 χρῆν.

223 2377 299 2446 ΦΛ.
321 2373 431 2446 δώσω·
454 2377 551 2462 σέβας
571 2375 631 2464 γὰρ
653 2374 761 2464 χειρὸς
781 2375 934 2462 αἰδοῦμαι
954 2372 992 2444 τὸ
1015 2373 1084 2444 σόν.
1154 2379 1215 2444 335

121 2521 210 2589 Olim
224 2523 382 2588 iudicavit
399 2522 438 2587 N.
450 2504 486 2586 Ε.
499 2521 531 2587 S.
543 2521 585 2588 Π.
603 2523 640 2586 11
656 2522 913 2606 coniungendam
935 2537 1007 2588 esse
1019 2523 1049 2587 τ’.
1062 2523 1123 2585 332
1145 2539 1217 2587 cum

120 2633 195 2709 329,
225 2631 363 2714 ideoque
385 2631 551 2697 damnavit
573 2632 643 2696 330.
665 2632 736 2696 331.
781 2630 887 2696 Simili
915 2631 1040 2697 ratione
1066 2630 1216 2696 inductus

122 2741 221 2807 iussit
241 2739 434 2805 Ηίετείἱεε24
458 2741 528 2804 330.
551 2740 612 2804 332
635 2739 747 2805 sedem
767 2745 900 2806 mutare.
943 2739 1019 2806 Pari
1040 2759 1101 2824 ego
1121 2739 1217 2806 confi·

120 2849 236 2916 dantia
256 2869 339 2932 nego
361 2849 422 2912 333
444 2869 465 2914 a
486 2849 548 2912 326
570 2849 716 2931 separari
728 2867 837 2932 posse,
859 2848 1079 2932 delendosquc
1101 2869 1217 2916 censeo

120 2959 299 3023 327-332,
341 2958 509 3024 Actionem
538 2959 636 3040 paulo
667 2957 940 3025 vehementiorem
971 2958 1117 3024 indicant
1145 2959 1216 3024 325.
1260 3018 1261 3021 ,

120 3067 186 3131 326
207 3067 412 3151 animumque
434 3069 602 3150 utriusque
624 3067 763 3134 feminae
785 3069 993 3134 concitatum:
1025 3069 1134 3134 nullus
1156 3067 1217 3152 igi-

118 3181 176 3241 tm·
193 3176 299 3259 longis
321 3176 512 3261 ambagibus
532 3177 632 3242 locus.
669 3175 813 3243 Eandem
836 3178 995 3244 actionem
1016 3176 1217 3260 eundemque

118 3285 266 3351 animum
287 3284 433 3352 indicant
455 3287 524 3350 333.
548 3286 618 3350 334.
660 3286 774 3368 Neque
795 3287 926 3353 turbant
955 3293 1078 3353 tantum
1101 3289 1218 3353 seriem

121 3413 232 3460 rerum
247 3395 463 3478 longuentquo
478 3415 561 3478 quae
575 3396 828 3479 interponuntur,
842 3397 939 3462 otiam
954 3392 1013 3481 per
1028 3415 1062 3462 se
1076 3395 1219 3462 absurda

119 3508 207 3568 sunt
251 3503 314 3583 Qui
343 3503 403 3574 tibi
426 3505 650 3588 interpretaris
681 3523 710 3568 v,
725 3503 809 3569 327?
852 3502 938 3582 Quid
964 3503 1073 3570 estid
1098 3505 1218 3570 malum

62 3624 68 3636 ·
119 3611 212 3694 quod
234 3613 352 3678 nutrici
372 3611 539 3678 imminet?
578 3610 817 3695 Constomatur,
839 3631 926 3695 sane,
949 3633 1021 3678 cum
1037 3613 1138 3697 audit,
1160 3612 1218 3680 sed
1246 3665 1248 3672 ,

102 3726 234 3803 'stupet
254 3721 506 3805 indignaturque
527 3721 632 3806 magis
654 3740 752 3804 quam
777 3720 850 3806 ipsa
872 3722 1071 3806 supplicium
1087 3723 1218 3806 patitur.

224 3971 258 4025 23
277 3965 402 4026 Similem
427 3972 462 4028 de
486 3969 635 4028 Alcestidis
657 3973 782 4028 versibus
805 3973 945 4028 nonnullis
963 3971 1033 4028 mihi
1051 3976 1142 4027 ortam
1160 3989 1218 4028 esse

116 4065 308 4134 suspicionem
328 4067 471 4134 confiteor,
490 4069 538 4124 sed
555 4087 661 4124 meram
679 4070 863 4139 suspicionem
881 4070 959 4124 nolui
977 4087 1113 4140 promere,
1132 4069 1218 4124 donec

115 4161 230 4217 similes
248 4164 331 4234 locos,
350 4166 374 4218 si
392 4166 440 4234 qui
460 4165 535 4221 forte
553 4169 704 4235 exstarent,
722 4183 757 4220 ex
775 4167 874 4222 ceteris
893 4166 996 4222 fabulis
1014 4165 1192 4235 collegissem.

226 4261 261 4316 24
277 4261 319 4315 De
337 4261 405 4316 Eur.
423 4263 453 4316 in
472 4280 561 4333 oomp.
580 4263 637 4318 div.
655 4267 725 4332 arte,
744 4264 786 4315 17.
