2842 4870
162 586 164 591 ,
266 508 384 574 versus
407 463 475 573 ras.
501 509 558 573 aar

335 653 424 714 κανεῖ
444 648 479 715 δὲ
501 649 760 732 προσπίτνουσα,
782 651 849 713 πᾶν
868 649 903 714 δὲ
924 649 1053 734 δέμνιον

335 750 612 844 δφθαλμοτέγκιῳ
635 755 760 824 δεύεται
782 758 983 844 πλημμυρίδι

166 901 252 984 quod
273 920 365 967 nemo
396 907 558 985 tamquam
591 901 716 986 spurios
743 902 868 968 notavit
889 901 984 968 valde
1005 903 1110 968 miror.
1156 902 1248 968 Unde

166 1009 393 1093 conquisiverit
416 1010 623 1097 interpolator
645 1011 886 1095 sesquipedalia
907 1011 971 1077 ista
993 1011 1091 1076 verba
1112 1032 1176 1077 non
1200 1019 1250 1078 est

165 1139 222 1185 cur
254 1139 460 1201 quaeramus:
492 1127 576 1187 certo
609 1140 672 1186 non
702 1126 776 1186 sunt
806 1118 992 1204 Euripides.
1036 1120 1185 1186 Fortasse
1214 1120 1249 1185 in

164 1227 273 1312 aliquo
295 1228 434 1294 carmine
450 1228 574 1314 legerat
587 1229 743 1295 vocabula
758 1217 1050 1315 ὀφθαλμόιεγκτος
1064 1225 1249 1313 πλημμυρὶς

164 1335 221 1401 ubi
242 1335 345 1402 minus
368 1336 509 1403 absurda
522 1344 612 1404 erant
632 1358 728 1421 quam
743 1335 795 1402 hio
809 1336 889 1402 fiunt
906 1337 1074 1403 coniuncta
1097 1357 1168 1402 cum
1182 1341 1249 1399 πᾶν

164 1441 201 1509 δὲ
222 1441 350 1526 δέμνιον
371 1439 506 1510 δεύεται.
533 1446 637 1513 Velim
658 1453 762 1512 tecum
783 1452 910 1531 reputes
932 1467 1009 1512 num
1029 1445 1109 1512 hacc
1123 1445 1248 1530 poetice

166 1553 349 1622 dictasint.
393 1555 445 1621 Mc
474 1556 579 1641 ipsum
610 1576 651 1622 ne
673 1563 707 1622 tu
728 1554 851 1622 iudices
874 1556 913 1621 dc
946 1553 1105 1621 industria
1126 1575 1194 1621 rem
1215 1553 1248 1618 in

164 1662 334 1729 ridiculum
359 1671 480 1731 vertere
509 1665 538 1730 si
566 1666 666 1732 latine
687 1664 828 1744 reddam,
862 1665 1155 1748 interpretationem
1177 1682 1247 1748 pro·

165 1772 264 1837 feram
285 1772 389 1857 magis
410 1773 546 1849 fidelem,
570 1775 728 1851 confiteor,
752 1794 847 1856 quam
876 1773 1076 1857 ingeniosam
1098 1793 1118 1838 a
1138 1772 1247 1838 nescio

165 1900 227 1964 quo
250 1881 427 1949 confectam
450 1903 545 1972 quam
566 1883 600 1950 in
622 1882 763 1949 editione
785 1882 978 1966 Glasguensi
1009 1882 1127 1948 inveni.
1171 1882 1248 1966 Ipsa

164 1990 264 2056 verba
291 1990 405 2057 habes:
438 1992 635 2058 osculabatur
661 1998 764 2057 autem
789 2012 857 2058 eam
883 1992 1044 2058 advoluta:
1071 1995 1152 2056 totas
1179 2010 1248 2055 aero

165 2097 259 2163 lectus
280 2119 318 2164 ec
337 2099 434 2164 ooatts
455 2105 601 2165 manante
621 2099 786 2182 rigabatur
800 2099 947 2182 proluvie
963 2102 997 2162 ¹⁶.
1026 2099 1173 2182 ¹Formae
1194 2119 1248 2163 va-

165 2205 278 2271 rietate
300 2206 379 2271 satis
401 2206 542 2272 mirabili
563 2206 695 2273 curabat
722 2208 930 2291 interpolator
961 2227 1001 2273 ne
1033 2208 1105 2290 quis
1124 2207 1248 2284 ,videret

164 2314 275 2380 horum
296 2335 444 2381 versuum
465 2316 568 2400 ipsam
601 2336 667 2382 rem
698 2315 833 2382 eandem
860 2335 930 2382 esse
959 2336 1054 2399 quam
1075 2317 1169 2400 plene
1191 2315 1246 2380 de-

164 2422 337 2509 scripserat
358 2431 454 2509 poeta
477 2425 545 2489 175.
570 2425 643 2489 iro:

344 2572 482 2649 κδ’πειτα
503 2575 654 2667 θάλαμον
676 2582 861 2650 ἐσπεσοῦσα
879 2582 933 2648 καὶ
954 2582 1054 2665 λέχος,

345 2691 487 2757 ἐνταῦθα
508 2688 547 2780 δὴ
568 2687 726 2776 ’δάκρυσα

262 2850 469 2918 Occasionem
500 2872 584 2918 nova
614 2852 778 2918 inserendi
808 2850 966 2918 dederunt
993 2852 1091 2918 verba
1114 2850 1246 2916 πολλῶν

165 2953 312 3042 δακρύων
335 2962 403 3026 185.
429 2960 494 3026 Sed
508 2961 580 3043 quis
595 2981 657 3028 non
672 2962 759 3027 videt
773 2961 837 3029 nisi
852 2961 994 3047 expulsis
1010 2960 1081 3027 istis
1103 2960 1246 3026 versibus

163 3075 270 3152 aptam
298 3060 362 3135 non
399 3089 469 3136 csse
504 3090 609 3136 rerum
641 3070 933 3137 continuationem?
965 3070 1100 3136 Rettulit
1125 3067 1246 3134 i'amula

162 3177 337 3244 Alcestidis
358 3177 431 3262 ipsa
453 3179 563 3243 verba:
598 3199 683 3244 nunc
713 3179 747 3244 in
779 3178 962 3244 narratione
990 3198 1029 3244 eo
1056 3176 1140 3242 redit
1163 3175 1246 3242 unde

164 3284 311 3368 digressa
332 3292 388 3352 est.
432 3287 543 3352 Restat
574 3294 608 3352 ut
640 3306 794 3370 moneam,
821 3305 1014 3370 quamquam
1035 3305 1086 3352 rcs
1115 3282 1245 3350 leuioris

164 3463 360 3474 *σιν-η

264 3603 296 3653 lo
315 3599 405 3655 Multo
433 3602 521 3672 magis
544 3603 651 3672 poetico
678 3622 730 3674 pro
754 3604 864 3674 ingenio
883 3621 932 3658 suo
952 3601 1087 3671 Georgius
1105 3601 1246 3654 Buchana·

162 3716 214 3751 nus
232 3697 273 3751 sic
290 3697 387 3752 vertit:

359 3807 431 3863 Tum
448 3810 579 3866 devoluta
597 3814 772 3867 exosculatur
791 3812 946 3880 lectulum‚·

358 3909 503 3975 totumque
521 3907 638 3962 inundat
657 3910 835 3963 lacrimarum
854 3907 975 3962 flumine.

162 4019 216 4074 Sed
233 4035 299 4071 num
317 4019 402 4073 ctiam
419 4019 460 4073 ita
478 4036 606 4088 expressa
624 4021 771 4074 laudabilis
786 4021 823 4074 sit
834 4019 979 4087 sententia,
997 4036 1126 4087 numque,
1145 4019 1168 4072 si
1187 4037 1242 4087 qua

161 4116 192 4169 in
209 4113 253 4168 his
270 4113 362 4169 verbis
378 4115 450 4170 inest
467 4115 568 4185 gratia,
590 4120 689 4185 poetae
706 4117 809 4172 Graeco
828 4117 921 4186 potius
940 4133 1023 4186 quam
1041 4114 1122 4172 Scato
1141 4114 1179 4169 ait
1196 4116 1245 4170 tri·

161 4211 279 4273 buenda‚
297 4214 329 4264 tu
348 4210 430 4266 iudex
450 4211 512 4265 cris.
