2842 4870
712 325 747 379 64

181 505 315 565 mortem
330 498 502 584 oppetebat
517 496 683 581 Polyxena
705 495 895 562 fortitudine
910 496 1010 562 animi
1031 515 1134 580 paene
1148 494 1275 560 divina:

180 609 297 674 mulier
317 614 425 673 tamen
447 613 526 689 erat,
548 625 652 688 neque
668 624 817 690 supremo
839 605 895 670 illo
917 610 1077 671 momento
1098 605 1203 690 potuit
1221 623 1276 688 ge-

181 725 265 784 stum
287 718 453 783 decentem
476 736 514 781 ac
536 714 725 780 muliebrem
751 733 815 778 non
837 733 959 779 curare.
1001 713 1092 779 Haec
1115 733 1199 796 quae
1221 733 1276 779 ex·

182 829 380 912 cogitaverat
402 823 575 908 Euripides
609 829 644 889 ut
676 824 837 888 omitteret
862 823 1005 889 animum
1030 823 1184 889 inducere
1211 843 1276 888 non

180 938 293 1021 potuit.
335 935 441 1018 Atque
462 953 595 1000 noscere
625 933 653 998 si
681 933 733 997 vis
763 952 859 1014 quam
885 952 960 998 vere
988 932 1107 998 nobilis
1136 932 1276 998 feminae

181 1051 329 1111 naturam
351 1045 384 1109 in
396 1043 467 1109 ¹hac
486 1063 520 1109 re
535 1043 732 1127 expresserit
746 1048 851 1124 poeta,
869 1061 1045 1124 compares,
1067 1043 1175 1125 velim,
1193 1061 1276 1124 quae

181 1155 307 1219 Plinius
328 1159 437 1219 narrat
464 1152 504 1218 de
534 1153 693 1236 supplicio
723 1150 890 1216 Corneliae
913 1151 1110 1217 Maximillae
1141 1149 1276 1217 vestalis

184 1264 286 1348 Epist.
320 1262 374 1345 IV,
414 1262 467 1326 ll:
513 1261 587 1343 quia
622 1262 715 1325 etium
753 1281 822 1324 cum
857 1261 893 1324 iu
927 1261 1010 1326 illud
1043 1261 1278 1326 subterraneum

182 1372 401 1448 demitteretur,
443 1369 647 1451 haesissetque
687 1369 881 1434 descendenti
916 1369 1007 1451 stota,
1043 1369 1135 1435 uertit
1169 1391 1201 1434 se
1238 1389 1276 1434 ac

182 1481 347 1564 recollepit,
373 1501 500 1563 cumque
521 1484 549 1546 ei
574 1500 701 1545 muuuru
722 1480 866 1561 carnifex
888 1480 986 1561 daret,
1015 1477 1160 1546 aversata
1182 1485 1225 1544 est
1248 1485 1276 1544 et

183 1592 314 1675 resiluit,
343 1591 527 1673 foedumque
557 1595 730 1655 ceutactum
756 1592 845 1672 quasi
865 1590 964 1672 pleae
986 1613 1007 1655 a
1029 1595 1112 1656 casto
1132 1609 1278 1671 puroque

181 1720 309 1781 corpore
329 1701 497 1766 nouissime
518 1700 684 1764 sanctitate
704 1700 818 1782 reiecit,
841 1700 1040 1782 cruribusque
1060 1700 1199 1766 aureeru‘s
1213 1720 1277 1781 pu·

79 1807 81 1812 ’
183 1810 270 1875 doris
291 1804 441 1894 πολλὴν
462 1803 653 1892 πρόνοιαν
676 1804 792 1888 ἔσχεν
813 1799 1018 1892 εὐσχήμων
1040 1810 1190 1872 πεσεῖν.
1211 1807 1275 1873 Ne·

182 1939 244 2001 que
267 1918 384 1984 desunt
403 1920 551 2004 exempla
565 1919 753 1984 recentioris
776 1920 963 1984 memoriae:
984 1937 1081 1983 unum
1105 1918 1275 2002 proferam.
1329 1908 1331 1918 ’

182 2029 398 2094 Rcbertsonus
424 2029 456 2093 in
478 2029 657 2094 Annalibus
681 2028 818 2094 Scoticis
839 2028 896 2094 lib.
919 2028 982 2093 VII
1005 2028 1065 2094 sub
1087 2047 1171 2093 anno
1195 2025 1274 2090 1587

182 2137 262 2202 haec
286 2138 326 2202 de
347 2143 450 2203 morte
474 2137 596 2204 Mariae
627 2138 767 2204 infelicis
788 2137 956 2204 Scotorum
988 2139 1122 2220 reginae
1152 2141 1274 2200 narrat:

181 2246 234 2311 site
255 2245 327 2310 tireu
343 2247 504 2328 prepared
528 2233 589 2327 for
608 2245 657 2311 tire
685 2246 770 2331 blodo
796 2246 835 2329 dp
859 2245 968 2329 tadiu'p
994 2246 1040 2326 off
1055 2247 1109 2310 lter
1131 2245 1191 2310 veit
1210 2244 1277 2310 aud

182 2376 282 2436 upper
306 2361 482 2437 permeata,
510 2356 576 2420 aud
597 2375 652 2421 oue
675 2355 712 2436 of
732 2354 781 2422 cte
802 2357 1010 2421 euecuticuers
1031 2354 1142 2438 rudelp
1163 2339 1276 2419 audea-

181 2465 314 2548 ccuriup
336 2470 367 2529 to
389 2465 490 2547 ussist,
512 2464 565 2530 slre
587 2465 693 2549 peuttp
716 2464 843 2530 clreclred
868 2465 942 2548 dim,
968 2445 1034 2530 aad
1058 2464 1139 2547 said,
1160 2463 1276 2528 mdo

182 2573 279 2656 surita,
311 2573 378 2638 rtur
405 2575 459 2639 ste
479 2574 543 2640 ded
568 2580 623 2640 act
648 2575 721 2640 beau
750 2575 942 2640 accustorued
962 2580 993 2639 to
1014 2575 1147 2640 uudress
1175 2571 1277 2654 defore

181 2703 216 2747 so
237 2703 332 2764 maup
355 2687 534 2764 spectatore,
555 2703 615 2748 aar
635 2688 666 2747 to
685 2682 721 2747 de
741 2684 849 2749 serced
869 2683 909 2766 dp
929 2683 1004 2748 suad
1024 2683 1130 2748 varus.

282 2791 348 2858 Sed
380 2793 527 2874 quisnam
549 2791 680 2858 credere
707 2798 991 2876 potestsummum
1012 2798 1141 2877 poetam
1162 2809 1275 2856 versus

182 2901 243 2965 569
265 2902 456 2966 sententiam
481 2899 542 2966 hac
563 2900 661 2966 foeda
686 2907 783 2983 atque
805 2901 946 2967 absurda
968 2902 1206 2967 continuatione
1229 2901 1276 2964 in-

183 3009 318 3092 quinare
339 3009 505 3075 voluisse?
527 3009 633 3075 Etiam
655 3009 758 3075 forma
780 3030 808 3075 v.
823 3011 885 3075 570
906 3008 1015 3094 prodit
1036 3010 1275 3094 interpolatoris

184 3119 358 3202 ingenium.
402 3118 568 3184 Enuntiati
600 3119 692 3186 cuius
726 3119 754 3184 is
788 3139 916 3184 sensum
939 3121 1069 3203 explere
1091 3120 1144 3185 vel
1165 3119 1275 3201 expla-

182 3247 260 3292 nare
276 3227 399 3294 studuit
414 3227 683 3293 constructionem
698 3229 906 3312 continuarit,
921 3228 956 3294 id
972 3228 1067 3310 quod,
1090 3229 1119 3293 si
1134 3229 1275 3293 animum

183 3337 253 3402 eius
276 3357 314 3402 ac
336 3337 477 3401 rationes
503 3342 640 3420 spectas,
668 3342 916 3403 consentaneum
938 3343 1016 3403 erat
1059 3337 1142 3402 Nam
1164 3336 1276 3402 testifi-

184 3453 296 3510 cantur
311 3445 478 3528 utriusque
493 3445 625 3528 ordinis
638 3446 766 3512 codices
789 3447 960 3512 lectionem
982 3439 1141 3529 κρύπτειν
1154 3443 1191 3509 θ’
1212 3451 1276 3511 tra-

183 3555 284 3620 ditam
317 3575 401 3620 esse:
434 3561 604 3639 praeterea
635 3555 862 3638 testificantur,
896 3557 1035 3622 sirecte
1073 3557 1277 3640 interpretor,

183 3670 325 3730 veterem
345 3663 445 3730 fnisse
467 3666 748 3748 grammaticorum
769 3664 1035 3749 emendationem,
1057 3667 1114 3747 qui
1130 3666 1278 3731 iuberent

182 3768 361 3853 appareuo'
387 3774 536 3840 scribere.
579 3775 666 3840 Bene
688 3781 878 3840 monuerunt
907 3776 955 3840 illi
983 3775 1185 3858 grammatici
1207 3793 1277 3840 rer·

184 3881 254 3948 sum
286 3883 440 3950 traditum
460 3882 649 3950 mendosum
681 3904 767 3950 esse:
801 3905 874 3950 nam
902 3884 946 3950 ad
975 3886 1166 3952 sententiam
1194 3882 1278 3948 nihil

183 3991 319 4077 accedit,
353 3991 534 4060 declaratur
566 3992 785 4059 tantummodo
817 4014 911 4076 quem
940 3993 984 4059 ad
1005 3993 1134 4060 modum
1155 3991 1279 4059 caverit

184 4099 242 4165 illa
262 4106 297 4164 nt
326 4099 476 4168 decenter
497 4101 635 4170 caderet.
678 4103 891 4187 Participium
916 4103 1016 4186 igitur
1042 4110 1278 4188 exspectamus,

184 4214 282 4292 atque
310 4210 416 4276 nullus
443 4212 555 4278 dubito
588 4214 666 4294 quin
698 4213 903 4297 participium
934 4213 1181 4298 accepissemus,
1212 4213 1278 4280 nisi
