<?xml version="1.0" encoding="UTF-8"?>
<!DOCTYPE html PUBLIC "-//W3C//DTD XHTML 1.0 Transitional//EN"
    "http://www.w3.org/TR/xhtml1/DTD/xhtml1-transitional.dtd">
<html xmlns="http://www.w3.org/1999/xhtml" xml:lang="en" lang="en">
 <head>
  <title>
</title>
<meta http-equiv="Content-Type" content="text/html;charset=utf-8" />
  <meta name='ocr-system' content='tesseract 3.04.00' />
  <meta name='ocr-capabilities' content='ocr_page ocr_carea ocr_par ocr_line ocrx_word'/>
</head>
<body>
  <div class='ocr_page' id='page_1' title='image "./dealcestidiseth00wheegoog_0018.png"; bbox 0 0 2842 4870; ppageno 0'>
   <div class='ocr_carea' id='block_1_1' title="bbox 670 383 701 436">
    <p class='ocr_par' dir='ltr' id='par_1_1' title="bbox 670 383 701 436">
     <span class='ocr_line' id='line_1_1' title="bbox 670 383 701 436; baseline -0.065 0"><span class='ocrx_word' id='word_1_1' title='bbox 670 383 701 436; x_wconf 93' lang='lat'>11</span> 
     </span>
    </p>
   </div>
   <div class='ocr_carea' id='block_1_2' title="bbox 77 545 1232 3144">
    <p class='ocr_par' dir='ltr' id='par_1_2' title="bbox 77 545 1232 3144">
     <span class='ocr_line' id='line_1_2' title="bbox 132 545 1228 640; baseline -0.006 -18"><span class='ocrx_word' id='word_1_2' title='bbox 132 574 208 640; x_wconf 80' lang='lat' dir='ltr'>gere</span> <span class='ocrx_word' id='word_1_3' title='bbox 241 553 342 639; x_wconf 90' lang='lat' dir='ltr'>potui,</span> <span class='ocrx_word' id='word_1_4' title='bbox 360 558 472 636; x_wconf 77' lang='lat' dir='ltr'>&#39;atque</span> <span class='ocrx_word' id='word_1_5' title='bbox 498 553 554 620; x_wconf 93' lang='lat' dir='ltr'>nbi</span> <span class='ocrx_word' id='word_1_6' title='bbox 586 573 696 620; x_wconf 87' lang='lat' dir='ltr'>verum</span> <span class='ocrx_word' id='word_1_7' title='bbox 726 555 889 622; x_wconf 86' lang='lat' dir='ltr'>invenisse</span> <span class='ocrx_word' id='word_1_8' title='bbox 921 545 1013 619; x_wconf 88' lang='lat' dir='ltr'>mihi</span> <span class='ocrx_word' id='word_1_9' title='bbox 1034 550 1147 618; x_wconf 82' lang='lat' dir='ltr'>videor</span> <span class='ocrx_word' id='word_1_10' title='bbox 1178 551 1228 616; x_wconf 88' lang='lat' dir='ltr'>bis</span> 
     </span>
     <span class='ocr_line' id='line_1_3' title="bbox 134 660 1229 753; baseline -0.004 -24"><span class='ocrx_word' id='word_1_11' title='bbox 134 671 222 753; x_wconf 78' lang='lat' dir='ltr'>terve</span> <span class='ocrx_word' id='word_1_12' title='bbox 239 664 439 730; x_wconf 87' lang='lat' dir='ltr'>coniecturas</span> <span class='ocrx_word' id='word_1_13' title='bbox 454 683 543 730; x_wconf 87' lang='lat' dir='ltr'>meas</span> <span class='ocrx_word' id='word_1_14' title='bbox 556 663 700 747; x_wconf 84' lang='lat' dir='ltr'>proferre</span> <span class='ocrx_word' id='word_1_15' title='bbox 721 683 818 730; x_wconf 87' lang='lat' dir='ltr'>ausus</span> <span class='ocrx_word' id='word_1_16' title='bbox 839 683 919 730; x_wconf 90' lang='lat' dir='ltr'>sum.</span> <span class='ocrx_word' id='word_1_17' title='bbox 955 662 1021 730; x_wconf 82' lang='lat' dir='ltr'>Sed</span> <span class='ocrx_word' id='word_1_18' title='bbox 1042 660 1085 728; x_wconf 85' lang='lat' dir='ltr'>ad</span> <span class='ocrx_word' id='word_1_19' title='bbox 1107 667 1229 726; x_wconf 84' lang='lat' dir='ltr'>textum</span> 
     </span>
     <span class='ocr_line' id='line_1_4' title="bbox 136 769 1229 857; baseline -0.003 -19"><span class='ocrx_word' id='word_1_20' title='bbox 136 771 344 857; x_wconf 81' lang='lat' dir='ltr'>Euripideum</span> <span class='ocrx_word' id='word_1_21' title='bbox 369 771 626 838; x_wconf 86' lang='lat' dir='ltr'>constituendum</span> <span class='ocrx_word' id='word_1_22' title='bbox 647 772 780 838; x_wconf 86' lang='lat' dir='ltr'>maximi</span> <span class='ocrx_word' id='word_1_23' title='bbox 795 773 946 841; x_wconf 81' lang='lat' dir='ltr'><strong>momenti</strong></span> <span class='ocrx_word' id='word_1_24' title='bbox 967 791 1038 838; x_wconf 89' lang='lat' dir='ltr'>esse</span> <span class='ocrx_word' id='word_1_25' title='bbox 1051 776 1172 836; x_wconf 89' lang='lat' dir='ltr'>rectum</span> <span class='ocrx_word' id='word_1_26' title='bbox 1188 769 1229 835; x_wconf 89' lang='lat' dir='ltr'>de</span> 
     </span>
     <span class='ocr_line' id='line_1_5' title="bbox 133 879 1228 967; baseline -0.004 -19"><span class='ocrx_word' id='word_1_27' title='bbox 133 883 258 967; x_wconf 78' lang='lat' dir='ltr'>duplici</span> <span class='ocrx_word' id='word_1_28' title='bbox 280 903 377 966; x_wconf 90' lang='lat' dir='ltr'>quam</span> <span class='ocrx_word' id='word_1_29' title='bbox 395 882 552 949; x_wconf 65' lang='lat' dir='ltr'>,habemus</span> <span class='ocrx_word' id='word_1_30' title='bbox 574 883 761 949; x_wconf 75' lang='lat' dir='ltr'>recensione</span> <span class='ocrx_word' id='word_1_31' title='bbox 788 881 942 950; x_wconf 91' lang='lat' dir='ltr'>indicium</span> <span class='ocrx_word' id='word_1_32' title='bbox 970 901 1064 947; x_wconf 85' lang='lat' dir='ltr'>nomo</span> <span class='ocrx_word' id='word_1_33' title='bbox 1085 879 1228 964; x_wconf 79' lang='lat' dir='ltr'>negabit.</span> 
     </span>
     <span class='ocr_line' id='line_1_6' title="bbox 133 990 1228 1077; baseline -0.005 -19"><span class='ocrx_word' id='word_1_34' title='bbox 133 992 254 1058; x_wconf 79' lang='lat' dir='ltr'>Statuit</span> <span class='ocrx_word' id='word_1_35' title='bbox 282 1011 384 1077; x_wconf 87' lang='lat' dir='ltr'>nuper</span> <span class='ocrx_word' id='word_1_36' title='bbox 398 993 466 1058; x_wconf 79' lang='lat' dir='ltr'>W.⁴</span> <span class='ocrx_word' id='word_1_37' title='bbox 496 991 625 1058; x_wconf 85' lang='lat' dir='ltr'>codices</span> <span class='ocrx_word' id='word_1_38' title='bbox 652 1000 777 1061; x_wconf 89' lang='lat' dir='ltr'>nostros</span> <span class='ocrx_word' id='word_1_39' title='bbox 800 1011 908 1057; x_wconf 90' lang='lat' dir='ltr'>omnes</span> <span class='ocrx_word' id='word_1_40' title='bbox 935 990 1076 1076; x_wconf 87' lang='lat' dir='ltr'>pendere</span> <span class='ocrx_word' id='word_1_41' title='bbox 1104 1010 1145 1055; x_wconf 83' lang='lat' dir='ltr'>ex</span> <span class='ocrx_word' id='word_1_42' title='bbox 1167 1007 1228 1054; x_wconf 87' lang='lat' dir='ltr'>nno</span> 
     </span>
     <span class='ocr_line' id='line_1_7' title="bbox 133 1097 1230 1186; baseline -0.006 -18"><span class='ocrx_word' id='word_1_43' title='bbox 133 1101 309 1184; x_wconf 88' lang='lat' dir='ltr'>eodemque</span> <span class='ocrx_word' id='word_1_44' title='bbox 340 1101 421 1167; x_wconf 92' lang='lat' dir='ltr'>libro</span> <span class='ocrx_word' id='word_1_45' title='bbox 445 1101 648 1168; x_wconf 88' lang='lat' dir='ltr'>scholastico</span> <span class='ocrx_word' id='word_1_46' title='bbox 680 1101 803 1168; x_wconf 87' lang='lat' dir='ltr'>sacculi</span> <span class='ocrx_word' id='word_1_47' title='bbox 836 1110 908 1186; x_wconf 87' lang='lat' dir='ltr'>post</span> <span class='ocrx_word' id='word_1_48' title='bbox 929 1099 1091 1168; x_wconf 76' lang='lat' dir='ltr'>Christum</span> <span class='ocrx_word' id='word_1_49' title='bbox 1123 1097 1230 1183; x_wconf 88' lang='lat' dir='ltr'>primi,</span> 
     </span>
     <span class='ocr_line' id='line_1_8' title="bbox 137 1206 1228 1295; baseline -0.003 -20"><span class='ocrx_word' id='word_1_50' title='bbox 137 1230 233 1294; x_wconf 84' lang='lat' dir='ltr'>qnam</span> <span class='ocrx_word' id='word_1_51' title='bbox 255 1210 445 1278; x_wconf 89' lang='lat' dir='ltr'>sententiam</span> <span class='ocrx_word' id='word_1_52' title='bbox 467 1211 696 1295; x_wconf 82' lang='lat' dir='ltr'>probabilitate</span> <span class='ocrx_word' id='word_1_53' title='bbox 710 1211 864 1276; x_wconf 90' lang='lat' dir='ltr'>nonnulla</span> <span class='ocrx_word' id='word_1_54' title='bbox 887 1208 1102 1275; x_wconf 88' lang='lat' dir='ltr'>commendari</span> <span class='ocrx_word' id='word_1_55' title='bbox 1125 1206 1228 1272; x_wconf 89' lang='lat' dir='ltr'>video.</span> 
     </span>
     <span class='ocr_line' id='line_1_9' title="bbox 133 1315 1230 1404; baseline -0.004 -20"><span class='ocrx_word' id='word_1_56' title='bbox 133 1319 207 1384; x_wconf 88' lang='lat' dir='ltr'>Non</span> <span class='ocrx_word' id='word_1_57' title='bbox 229 1318 346 1384; x_wconf 87' lang='lat' dir='ltr'>desunt</span> <span class='ocrx_word' id='word_1_58' title='bbox 366 1324 473 1384; x_wconf 88' lang='lat' dir='ltr'>tamen</span> <span class='ocrx_word' id='word_1_59' title='bbox 494 1339 611 1386; x_wconf 87' lang='lat' dir='ltr'>causae</span> <span class='ocrx_word' id='word_1_60' title='bbox 623 1340 679 1385; x_wconf 87' lang='lat' dir='ltr'>cnr</span> <span class='ocrx_word' id='word_1_61' title='bbox 694 1319 839 1404; x_wconf 91' lang='lat' dir='ltr'>suspicer</span> <span class='ocrx_word' id='word_1_62' title='bbox 852 1317 993 1384; x_wconf 85' lang='lat' dir='ltr'>Palatini</span> <span class='ocrx_word' id='word_1_63' title='bbox 1008 1315 1230 1382; x_wconf 87' lang='lat' dir='ltr'>Laurentiani-</span> 
     </span>
     <span class='ocr_line' id='line_1_10' title="bbox 135 1425 1230 1514; baseline -0.002 -22"><span class='ocrx_word' id='word_1_64' title='bbox 135 1446 198 1511; x_wconf 89' lang='lat' dir='ltr'>que</span> <span class='ocrx_word' id='word_1_65' title='bbox 220 1426 366 1492; x_wconf 90' lang='lat' dir='ltr'>codicum</span> <span class='ocrx_word' id='word_1_66' title='bbox 387 1425 585 1514; x_wconf 88' lang='lat' dir='ltr'>archetypon</span> <span class='ocrx_word' id='word_1_67' title='bbox 610 1427 652 1494; x_wconf 88' lang='lat' dir='ltr'>ad</span> <span class='ocrx_word' id='word_1_68' title='bbox 667 1428 875 1512; x_wconf 87' lang='lat' dir='ltr'>&#39;superiorem</span> <span class='ocrx_word' id='word_1_69' title='bbox 895 1433 1032 1492; x_wconf 87' lang='lat' dir='ltr'>aetatem</span> <span class='ocrx_word' id='word_1_70' title='bbox 1055 1444 1126 1492; x_wconf 90' lang='lat' dir='ltr'>esse</span> <span class='ocrx_word' id='word_1_71' title='bbox 1149 1425 1230 1490; x_wconf 86' lang='lat' dir='ltr'>refe-</span> 
     </span>
     <span class='ocr_line' id='line_1_11' title="bbox 133 1535 1230 1621; baseline -0.001 -21"><span class='ocrx_word' id='word_1_72' title='bbox 133 1535 279 1614; x_wconf 86' lang='lat' dir='ltr'>rendum,</span> <span class='ocrx_word' id='word_1_73' title='bbox 313 1537 509 1621; x_wconf 86' lang='lat' dir='ltr'>exscriptum</span> <span class='ocrx_word' id='word_1_74' title='bbox 543 1537 643 1604; x_wconf 87' lang='lat' dir='ltr'>fuisse</span> <span class='ocrx_word' id='word_1_75' title='bbox 667 1558 684 1603; x_wconf 94' lang='lat' dir='ltr'>e</span> <span class='ocrx_word' id='word_1_76' title='bbox 706 1538 789 1604; x_wconf 92' lang='lat' dir='ltr'>libro</span> <span class='ocrx_word' id='word_1_77' title='bbox 820 1558 883 1604; x_wconf 91' lang='lat' dir='ltr'>non</span> <span class='ocrx_word' id='word_1_78' title='bbox 917 1536 959 1602; x_wconf 86' lang='lat' dir='ltr'>ad</span> <span class='ocrx_word' id='word_1_79' title='bbox 980 1535 1111 1618; x_wconf 88' lang='lat' dir='ltr'>Didymi</span> <span class='ocrx_word' id='word_1_80' title='bbox 1145 1555 1230 1600; x_wconf 90' lang='lat' dir='ltr'>com-</span> 
     </span>
     <span class='ocr_line' id='line_1_12' title="bbox 133 1643 1231 1730; baseline -0.003 -20"><span class='ocrx_word' id='word_1_81' title='bbox 133 1644 311 1710; x_wconf 87' lang='lat' dir='ltr'>mentarios</span> <span class='ocrx_word' id='word_1_82' title='bbox 333 1643 391 1710; x_wconf 91' lang='lat' dir='ltr'>sed</span> <span class='ocrx_word' id='word_1_83' title='bbox 413 1644 455 1710; x_wconf 88' lang='lat' dir='ltr'>ad</span> <span class='ocrx_word' id='word_1_84' title='bbox 488 1647 652 1730; x_wconf 84' lang='lat' dir='ltr'>exemplar</span> <span class='ocrx_word' id='word_1_85' title='bbox 672 1645 927 1712; x_wconf 86' lang='lat' dir='ltr'>Alexandrinum</span> <span class='ocrx_word' id='word_1_86' title='bbox 960 1645 1102 1711; x_wconf 91' lang='lat' dir='ltr'>melioris</span> <span class='ocrx_word' id='word_1_87' title='bbox 1136 1651 1231 1709; x_wconf 89' lang='lat' dir='ltr'>notae</span> 
     </span>
     <span class='ocr_line' id='line_1_13' title="bbox 134 1752 1231 1844; baseline -0.001 -27"><span class='ocrx_word' id='word_1_88' title='bbox 134 1757 258 1818; x_wconf 85' lang='lat' dir='ltr'>exacto.</span> <span class='ocrx_word' id='word_1_89' title='bbox 299 1753 388 1818; x_wconf 89' lang='lat' dir='ltr'>Haec</span> <span class='ocrx_word' id='word_1_90' title='bbox 402 1759 509 1844; x_wconf 87' lang='lat' dir='ltr'>tamen</span> <span class='ocrx_word' id='word_1_91' title='bbox 523 1755 666 1838; x_wconf 90' lang='lat' dir='ltr'>suspicio</span> <span class='ocrx_word' id='word_1_92' title='bbox 680 1775 756 1820; x_wconf 90' lang='lat' dir='ltr'>num</span> <span class='ocrx_word' id='word_1_93' title='bbox 770 1773 849 1820; x_wconf 84' lang='lat' dir='ltr'>vera</span> <span class='ocrx_word' id='word_1_94' title='bbox 864 1755 906 1820; x_wconf 89' lang='lat' dir='ltr'>sit</span> <span class='ocrx_word' id='word_1_95' title='bbox 921 1773 1027 1820; x_wconf 91' lang='lat' dir='ltr'>annon</span> <span class='ocrx_word' id='word_1_96' title='bbox 1049 1752 1231 1836; x_wconf 87' lang='lat' dir='ltr'>disceptare</span> 
     </span>
     <span class='ocr_line' id='line_1_14' title="bbox 134 1860 1231 1948; baseline 0 -23"><span class='ocrx_word' id='word_1_97' title='bbox 134 1880 197 1927; x_wconf 92' lang='lat' dir='ltr'>non</span> <span class='ocrx_word' id='word_1_98' title='bbox 231 1867 280 1927; x_wconf 92' lang='lat' dir='ltr'>est</span> <span class='ocrx_word' id='word_1_99' title='bbox 311 1863 375 1928; x_wconf 88' lang='lat' dir='ltr'>mci</span> <span class='ocrx_word' id='word_1_100' title='bbox 407 1863 586 1948; x_wconf 76' lang='lat' dir='ltr'>propositit</span> <span class='ocrx_word' id='word_1_101' title='bbox 619 1863 653 1928; x_wconf 94' lang='lat' dir='ltr'>id</span> <span class='ocrx_word' id='word_1_102' title='bbox 686 1870 809 1928; x_wconf 87' lang='lat' dir='ltr'>tantum</span> <span class='ocrx_word' id='word_1_103' title='bbox 840 1869 960 1928; x_wconf 90' lang='lat' dir='ltr'>certum</span> <span class='ocrx_word' id='word_1_104' title='bbox 992 1881 1062 1928; x_wconf 91' lang='lat' dir='ltr'>csse</span> <span class='ocrx_word' id='word_1_105' title='bbox 1083 1860 1231 1927; x_wconf 89' lang='lat' dir='ltr'>videtur:</span> 
     </span>
     <span class='ocr_line' id='line_1_15' title="bbox 134 1970 1231 2057; baseline 0 -22"><span class='ocrx_word' id='word_1_106' title='bbox 134 1970 289 2036; x_wconf 85' lang='lat' dir='ltr'>lectiones</span> <span class='ocrx_word' id='word_1_107' title='bbox 320 1991 384 2036; x_wconf 93' lang='lat' dir='ltr'>non</span> <span class='ocrx_word' id='word_1_108' title='bbox 418 1978 584 2056; x_wconf 88' lang='lat' dir='ltr'>corruptas</span> <span class='ocrx_word' id='word_1_109' title='bbox 607 1992 687 2055; x_wconf 85' lang='lat' dir='ltr'>quas</span> <span class='ocrx_word' id='word_1_110' title='bbox 717 1973 896 2057; x_wconf 82' lang='lat' dir='ltr'>peculiares</span> <span class='ocrx_word' id='word_1_111' title='bbox 925 1970 1044 2037; x_wconf 88' lang='lat' dir='ltr'>habent</span> <span class='ocrx_word' id='word_1_112' title='bbox 1066 1971 1231 2036; x_wconf 87' lang='lat' dir='ltr'>Palatinus</span> 
     </span>
     <span class='ocr_line' id='line_1_16' title="bbox 134 2079 1232 2164; baseline 0.003 -21"><span class='ocrx_word' id='word_1_113' title='bbox 134 2079 435 2164; x_wconf 84' lang='lat' dir='ltr'>Laurentianusqne</span> <span class='ocrx_word' id='word_1_114' title='bbox 456 2101 520 2147; x_wconf 90' lang='lat' dir='ltr'>non</span> <span class='ocrx_word' id='word_1_115' title='bbox 552 2081 642 2147; x_wconf 87' lang='lat' dir='ltr'>casui</span> <span class='ocrx_word' id='word_1_116' title='bbox 664 2081 850 2148; x_wconf 84' lang='lat' dir='ltr'>tribuendas</span> <span class='ocrx_word' id='word_1_117' title='bbox 882 2101 953 2146; x_wconf 91' lang='lat' dir='ltr'>esse</span> <span class='ocrx_word' id='word_1_118' title='bbox 984 2081 1042 2146; x_wconf 90' lang='lat' dir='ltr'>sed</span> <span class='ocrx_word' id='word_1_119' title='bbox 1074 2080 1232 2146; x_wconf 85' lang='lat' dir='ltr'>rationem</span> 
     </span>
     <span class='ocr_line' id='line_1_17' title="bbox 138 2188 1231 2274; baseline -0.002 -18"><span class='ocrx_word' id='word_1_120' title='bbox 138 2210 228 2256; x_wconf 89' lang='lat' dir='ltr'>suam</span> <span class='ocrx_word' id='word_1_121' title='bbox 249 2188 378 2256; x_wconf 79' lang='lat' dir='ltr'>habere</span> <span class='ocrx_word' id='word_1_122' title='bbox 414 2189 544 2256; x_wconf 80' lang='lat' dir='ltr'>Ocnicci</span> <span class='ocrx_word' id='word_1_123' title='bbox 568 2191 668 2274; x_wconf 83' lang='lat' dir='ltr'>igitur</span> <span class='ocrx_word' id='word_1_124' title='bbox 688 2191 931 2274; x_wconf 84' lang='lat' dir='ltr'>grammaticum</span> <span class='ocrx_word' id='word_1_125' title='bbox 949 2210 1020 2256; x_wconf 88' lang='lat' dir='ltr'>eum</span> <span class='ocrx_word' id='word_1_126' title='bbox 1042 2190 1098 2273; x_wconf 88' lang='lat' dir='ltr'>qui</span> <span class='ocrx_word' id='word_1_127' title='bbox 1118 2189 1231 2255; x_wconf 91' lang='lat' dir='ltr'>horum</span> 
     </span>
     <span class='ocr_line' id='line_1_18' title="bbox 134 2295 1231 2394; baseline -0.002 -30"><span class='ocrx_word' id='word_1_128' title='bbox 134 2297 295 2394; x_wconf 41' lang='lat' dir='ltr'>librorum·</span> <span class='ocrx_word' id='word_1_129' title='bbox 309 2295 509 2384; x_wconf 82' lang='lat' dir='ltr'>archetypon</span> <span class='ocrx_word' id='word_1_130' title='bbox 540 2299 786 2365; x_wconf 81' lang='lat' dir='ltr'>exscribendum</span> <span class='ocrx_word' id='word_1_131' title='bbox 819 2298 944 2364; x_wconf 64' lang='lat' dir='ltr'>curant</span> <span class='ocrx_word' id='word_1_132' title='bbox 976 2307 1031 2364; x_wconf 87' lang='lat' dir='ltr'>aut</span> <span class='ocrx_word' id='word_1_133' title='bbox 1062 2299 1231 2382; x_wconf 78' lang='lat' dir='ltr'>ignorasse</span> 
     </span>
     <span class='ocr_line' id='line_1_19' title="bbox 135 2395 1229 2492; baseline -0.003 -18"><span class='ocrx_word' id='word_1_134' title='bbox 135 2414 192 2474; x_wconf 87' lang='lat' dir='ltr'>aut</span> <span class='ocrx_word' id='word_1_135' title='bbox 211 2406 252 2472; x_wconf 87' lang='lat' dir='ltr'>de</span> <span class='ocrx_word' id='word_1_136' title='bbox 269 2407 429 2474; x_wconf 87' lang='lat' dir='ltr'>industris</span> <span class='ocrx_word' id='word_1_137' title='bbox 443 2395 625 2492; x_wconf 82' lang='lat' dir='ltr'>neglexisse</span> <span class='ocrx_word' id='word_1_138' title='bbox 637 2409 806 2474; x_wconf 86' lang='lat' dir='ltr'>nonnullas</span> <span class='ocrx_word' id='word_1_139' title='bbox 818 2407 1109 2474; x_wconf 83' lang='lat' dir='ltr'>Alexandrinorum</span> <span class='ocrx_word' id='word_1_140' title='bbox 1124 2426 1229 2472; x_wconf 89' lang='lat' dir='ltr'>emen·</span> 
     </span>
     <span class='ocr_line' id='line_1_20' title="bbox 136 2516 1231 2600; baseline -0.003 -17"><span class='ocrx_word' id='word_1_141' title='bbox 136 2516 292 2598; x_wconf 82' lang='lat' dir='ltr'>dationes,</span> <span class='ocrx_word' id='word_1_142' title='bbox 312 2518 416 2600; x_wconf 82' lang='lat' dir='ltr'>magis</span> <span class='ocrx_word' id='word_1_143' title='bbox 439 2518 588 2600; x_wconf 87' lang='lat' dir='ltr'>antiquas</span> <span class='ocrx_word' id='word_1_144' title='bbox 611 2517 765 2584; x_wconf 87' lang='lat' dir='ltr'>lectiones</span> <span class='ocrx_word' id='word_1_145' title='bbox 780 2517 951 2583; x_wconf 87' lang='lat' dir='ltr'>rettulisse.</span> <span class='ocrx_word' id='word_1_146' title='bbox 986 2518 1029 2584; x_wconf 90' lang='lat' dir='ltr'>Ut</span> <span class='ocrx_word' id='word_1_147' title='bbox 1051 2516 1098 2582; x_wconf 90' lang='lat' dir='ltr'>ita</span> <span class='ocrx_word' id='word_1_148' title='bbox 1119 2516 1231 2581; x_wconf 85' lang='lat' dir='ltr'>existi-</span> 
     </span>
     <span class='ocr_line' id='line_1_21' title="bbox 137 2625 1230 2707; baseline 0.001 -18"><span class='ocrx_word' id='word_1_149' title='bbox 137 2645 258 2690; x_wconf 89' lang='lat' dir='ltr'>marem</span> <span class='ocrx_word' id='word_1_150' title='bbox 280 2646 351 2691; x_wconf 87' lang='lat' dir='ltr'>cum</span> <span class='ocrx_word' id='word_1_151' title='bbox 373 2626 448 2692; x_wconf 88' lang='lat' dir='ltr'>aliis</span> <span class='ocrx_word' id='word_1_152' title='bbox 478 2632 545 2691; x_wconf 89' lang='lat' dir='ltr'>tum</span> <span class='ocrx_word' id='word_1_153' title='bbox 566 2628 706 2692; x_wconf 85' lang='lat' dir='ltr'>maxime</span> <span class='ocrx_word' id='word_1_154' title='bbox 738 2626 799 2692; x_wconf 87' lang='lat' dir='ltr'>hac</span> <span class='ocrx_word' id='word_1_155' title='bbox 820 2626 944 2691; x_wconf 89' lang='lat' dir='ltr'>ratione</span> <span class='ocrx_word' id='word_1_156' title='bbox 976 2625 1125 2691; x_wconf 89' lang='lat' dir='ltr'>inductus</span> <span class='ocrx_word' id='word_1_157' title='bbox 1150 2645 1230 2707; x_wconf 91' lang='lat' dir='ltr'>snm,</span> 
     </span>
     <span class='ocr_line' id='line_1_22' title="bbox 134 2733 1228 2820; baseline 0 -22"><span class='ocrx_word' id='word_1_158' title='bbox 134 2733 223 2816; x_wconf 88' lang='lat' dir='ltr'>quod</span> <span class='ocrx_word' id='word_1_159' title='bbox 244 2734 277 2800; x_wconf 92' lang='lat' dir='ltr'>in</span> <span class='ocrx_word' id='word_1_160' title='bbox 298 2733 378 2800; x_wconf 91' lang='lat' dir='ltr'>locis</span> <span class='ocrx_word' id='word_1_161' title='bbox 401 2736 563 2801; x_wconf 89' lang='lat' dir='ltr'>nonnullis</span> <span class='ocrx_word' id='word_1_162' title='bbox 578 2735 780 2820; x_wconf 89' lang='lat' dir='ltr'>interpolatis</span> <span class='ocrx_word' id='word_1_163' title='bbox 795 2733 956 2801; x_wconf 86' lang='lat' dir='ltr'>secundae</span> <span class='ocrx_word' id='word_1_164' title='bbox 972 2734 1085 2801; x_wconf 88' lang='lat' dir='ltr'>classis</span> <span class='ocrx_word' id='word_1_165' title='bbox 1101 2733 1228 2798; x_wconf 91' lang='lat' dir='ltr'>codices</span> 
     </span>
     <span class='ocr_line' id='line_1_23' title="bbox 137 2842 1230 2928; baseline -0.003 -20"><span class='ocrx_word' id='word_1_166' title='bbox 137 2842 375 2926; x_wconf 86' lang='lat' dir='ltr'>interpolatoris</span> <span class='ocrx_word' id='word_1_167' title='bbox 386 2850 523 2910; x_wconf 89' lang='lat' dir='ltr'>mentem</span> <span class='ocrx_word' id='word_1_168' title='bbox 539 2844 694 2928; x_wconf 86' lang='lat' dir='ltr'>aperiunt,</span> <span class='ocrx_word' id='word_1_169' title='bbox 712 2864 783 2910; x_wconf 86' lang='lat' dir='ltr'>corn</span> <span class='ocrx_word' id='word_1_170' title='bbox 800 2851 976 2910; x_wconf 87' lang='lat' dir='ltr'>ceterorum</span> <span class='ocrx_word' id='word_1_171' title='bbox 987 2842 1108 2908; x_wconf 88' lang='lat' dir='ltr'>futtiles</span> <span class='ocrx_word' id='word_1_172' title='bbox 1120 2859 1230 2906; x_wconf 73' lang='lat' dir='ltr'>‘emen-</span> 
     </span>
     <span class='ocr_line' id='line_1_24' title="bbox 138 2949 1228 3038; baseline -0.002 -22"><span class='ocrx_word' id='word_1_173' title='bbox 138 2951 286 3017; x_wconf 87' lang='lat' dir='ltr'>dationes</span> <span class='ocrx_word' id='word_1_174' title='bbox 308 2971 378 3016; x_wconf 89' lang='lat' dir='ltr'>eam</span> <span class='ocrx_word' id='word_1_175' title='bbox 402 2952 571 3019; x_wconf 87' lang='lat' dir='ltr'>obscurent</span> <span class='ocrx_word' id='word_1_176' title='bbox 592 2973 696 3036; x_wconf 88' lang='lat' dir='ltr'>noque</span> <span class='ocrx_word' id='word_1_177' title='bbox 717 2961 825 3018; x_wconf 86' lang='lat' dir='ltr'>tamen</span> <span class='ocrx_word' id='word_1_178' title='bbox 847 2953 958 3038; x_wconf 87' lang='lat' dir='ltr'>spuria</span> <span class='ocrx_word' id='word_1_179' title='bbox 979 2971 1059 3018; x_wconf 90' lang='lat' dir='ltr'>sana</span> <span class='ocrx_word' id='word_1_180' title='bbox 1082 2949 1228 3016; x_wconf 87' lang='lat' dir='ltr'>reddant.</span> 
     </span>
     <span class='ocr_line' id='line_1_25' title="bbox 77 3059 830 3144; baseline -0.007 -16"><span class='ocrx_word' id='word_1_181' title='bbox 77 3069 80 3074; x_wconf 83' lang='lat'>&#39;</span> <span class='ocrx_word' id='word_1_182' title='bbox 137 3059 204 3128; x_wconf 89' lang='lat' dir='ltr'>Sed</span> <span class='ocrx_word' id='word_1_183' title='bbox 226 3060 308 3126; x_wconf 91' lang='lat' dir='ltr'>talia</span> <span class='ocrx_word' id='word_1_184' title='bbox 329 3060 371 3126; x_wconf 89' lang='lat' dir='ltr'>ad</span> <span class='ocrx_word' id='word_1_185' title='bbox 393 3061 539 3144; x_wconf 85' lang='lat' dir='ltr'>singulos</span> <span class='ocrx_word' id='word_1_186' title='bbox 562 3060 830 3132; x_wconf 82' lang='lat' dir='ltr'>locosadnotavi.</span> 
     </span>
    </p>
   </div>
   <div class='ocr_carea' id='block_1_3' title="bbox 545 3291 829 3300">
    <p class='ocr_par' dir='ltr' id='par_1_3' title="bbox 545 3291 829 3300">
     <span class='ocr_line' id='line_1_26' title="bbox 545 3291 829 3300; baseline 0 0"><span class='ocrx_word' id='word_1_187' title='bbox 545 3291 829 3300; x_wconf 56' lang='lat' dir='ltr'>m</span> 
     </span>
    </p>
   </div>
   <div class='ocr_carea' id='block_1_4' title="bbox 333 3520 1069 3774">
    <p class='ocr_par' dir='ltr' id='par_1_4' title="bbox 333 3520 1069 3774">
     <span class='ocr_line' id='line_1_27' title="bbox 611 3520 697 3584; baseline -0.023 0"><span class='ocrx_word' id='word_1_188' title='bbox 611 3552 614 3558; x_wconf 85' lang='grc'><em>·</em></span> <span class='ocrx_word' id='word_1_189' title='bbox 672 3520 697 3584; x_wconf 93' lang='grc' dir='ltr'>Ι.</span> 
     </span>
     <span class='ocr_line' id='line_1_28' title="bbox 333 3691 1069 3774; baseline 0 -32"><span class='ocrx_word' id='word_1_190' title='bbox 333 3691 383 3742; x_wconf 86' lang='lat' dir='ltr'>nn</span> <span class='ocrx_word' id='word_1_191' title='bbox 404 3691 617 3744; x_wconf 70' lang='lat' dir='ltr'>mensurnus</span> <span class='ocrx_word' id='word_1_192' title='bbox 638 3691 1026 3745; x_wconf 79' lang='lat' dir='ltr'>uuuunnonnuuournvs.</span> <span class='ocrx_word' id='word_1_193' title='bbox 1067 3769 1069 3774; x_wconf 8' lang='lat' dir='ltr'>k</span> 
     </span>
    </p>
   </div>
   <div class='ocr_carea' id='block_1_5' title="bbox 134 3836 1229 4130">
    <p class='ocr_par' dir='ltr' id='par_1_5' title="bbox 134 3836 1229 4130">
     <span class='ocr_line' id='line_1_29' title="bbox 277 3836 1091 3928; baseline -0.004 -18"><span class='ocrx_word' id='word_1_194' title='bbox 277 3844 314 3910; x_wconf 89' lang='lat' dir='ltr'>V.</span> <span class='ocrx_word' id='word_1_195' title='bbox 332 3845 371 3910; x_wconf 87' lang='lat'>10</span> <span class='ocrx_word' id='word_1_196' title='bbox 403 3838 495 3910; x_wconf 82' lang='grc' dir='ltr'>ὁσίου</span> <span class='ocrx_word' id='word_1_197' title='bbox 518 3839 576 3928; x_wconf 68' lang='grc' dir='ltr'>γὰρ</span> <span class='ocrx_word' id='word_1_198' title='bbox 599 3836 718 3928; x_wconf 74' lang='grc' dir='ltr'><em>ἅνδρός</em></span> <span class='ocrx_word' id='word_1_199' title='bbox 740 3839 831 3922; x_wconf 80' lang='grc' dir='ltr'><strong><em>ὅσιος</em></strong></span> <span class='ocrx_word' id='word_1_200' title='bbox 852 3837 897 3909; x_wconf 73' lang='grc' dir='ltr'>ὢν</span> <span class='ocrx_word' id='word_1_201' title='bbox 919 3841 1091 3926; x_wconf 79' lang='grc' dir='ltr'><strong><em>ἐτύγχανον</em></strong></span> 
     </span>
     <span class='ocr_line' id='line_1_30' title="bbox 135 3953 1229 4039; baseline 0.002 -21"><span class='ocrx_word' id='word_1_202' title='bbox 135 3971 209 4018; x_wconf 90' lang='lat' dir='ltr'>cum</span> <span class='ocrx_word' id='word_1_203' title='bbox 232 3958 412 4032; x_wconf 87' lang='lat' dir='ltr'>suspectum</span> <span class='ocrx_word' id='word_1_204' title='bbox 433 3953 626 4039; x_wconf 83' lang='lat' dir='ltr'>habuissem,</span> <span class='ocrx_word' id='word_1_205' title='bbox 648 3956 792 4038; x_wconf 89' lang='lat' dir='ltr'>spurium</span> <span class='ocrx_word' id='word_1_206' title='bbox 814 3974 885 4020; x_wconf 86' lang='lat' dir='ltr'>osse</span> <span class='ocrx_word' id='word_1_207' title='bbox 913 3954 1009 4020; x_wconf 87' lang='lat' dir='ltr'>certis</span> <span class='ocrx_word' id='word_1_208' title='bbox 1031 3955 1229 4037; x_wconf 84' lang='lat' dir='ltr'>argumentis</span> 
     </span>
     <span class='ocr_line' id='line_1_31' title="bbox 134 4058 1229 4130; baseline 0.004 -4"><span class='ocrx_word' id='word_1_209' title='bbox 134 4058 245 4126; x_wconf 87' lang='lat' dir='ltr'>docuit</span> <span class='ocrx_word' id='word_1_210' title='bbox 266 4079 316 4125; x_wconf 89' lang='lat' dir='ltr'>me</span> <span class='ocrx_word' id='word_1_211' title='bbox 330 4059 380 4127; x_wconf 85' lang='lat' dir='ltr'>vir</span> <span class='ocrx_word' id='word_1_212' title='bbox 401 4061 638 4130; x_wconf 88' lang='lat' dir='ltr'>illustrissimus</span> <span class='ocrx_word' id='word_1_213' title='bbox 659 4063 739 4128; x_wconf 91' lang='lat' dir='ltr'>mibi</span> <span class='ocrx_word' id='word_1_214' title='bbox 756 4062 815 4128; x_wconf 89' lang='lat' dir='ltr'>boc</span> <span class='ocrx_word' id='word_1_215' title='bbox 836 4063 907 4128; x_wconf 93' lang='lat' dir='ltr'>loco</span> <span class='ocrx_word' id='word_1_216' title='bbox 928 4081 992 4130; x_wconf 90' lang='lat' dir='ltr'>non</span> <span class='ocrx_word' id='word_1_217' title='bbox 1008 4060 1229 4130; x_wconf 86' lang='lat' dir='ltr'>nominandus.</span> 
     </span>
    </p>
   </div>
   <div class='ocr_carea' id='block_1_6' title="bbox 234 4287 538 4352">
    <p class='ocr_par' dir='ltr' id='par_1_6' title="bbox 234 4287 538 4352">
     <span class='ocr_line' id='line_1_32' title="bbox 234 4287 538 4352; baseline 0.01 -9"><span class='ocrx_word' id='word_1_218' title='bbox 234 4287 364 4344; x_wconf 69' lang='lat' dir='ltr'>ilicum</span> <span class='ocrx_word' id='word_1_219' title='bbox 383 4287 457 4352; x_wconf 74' lang='grc' dir='ltr'>ΧΠ,</span> <span class='ocrx_word' id='word_1_220' title='bbox 479 4291 538 4346; x_wconf 83' lang='grc'><strong>178.</strong></span> 
     </span>
    </p>
   </div>
   <div class='ocr_carea' id='block_1_7' title="bbox 0 48 1430 4870">
    <p class='ocr_par' dir='ltr' id='par_1_7' title="bbox 0 48 1430 4870">
     <span class='ocr_line' id='line_1_33' title="bbox 0 48 1430 4870; baseline 0 0"><span class='ocrx_word' id='word_1_221' title='bbox 0 48 1430 4870; x_wconf 95' lang='lat' dir='ltr'> </span> 
     </span>
    </p>
   </div>
  </div>
 </body>
</html>
