2842 4870
709 324 744 377 44

178 517 248 562 rum
269 496 459 581 scriptorum
480 498 570 577 locis,
594 519 673 582 quos
699 499 829 581 collegit
850 498 1016 564 Veitchlus
1030 502 1069 560 ¹⁸:
1096 499 1171 564 Eur.
1191 498 1265 581 Hip.

179 607 227 670 27.
257 607 381 673 Heracl.
403 609 473 674 634.
507 610 588 675 Plat
609 608 708 692 Soph.
725 610 786 673 250
801 610 841 674 Ι).
875 607 971 673 Lacb.
990 609 1048 673 183
1059 609 1094 674 E.
1128 607 1268 672 Phaedr.

179 716 277 782 244Ε
292 719 325 782 ¹⁹.
369 718 428 784 His
457 719 603 784 omnibus
636 717 716 784 locis
746 724 831 784 certe
862 737 925 783 non
950 716 1056 782 minus
1085 723 1194 800 aptum
1216 722 1265 781 est

178 830 301 909 tempus
324 826 477 893 aoristum
498 848 593 911 quam
609 827 842 918 imperfectum:
866 825 946 892 locis
960 825 1155 910 Euripidcis,
1176 833 1211 891 ut
1225 826 1294 890 de.

69 960 74 967 ·
126 925 129 932 ’
178 933 352 1028 Platonicis
375 942 508 1020 taceam,
529 944 672 1020 praestat
695 937 846 1002 aoristnm
859 939 895 1001 ²⁰.

277 1171 325 1236 De
358 1171 483 1255 reliqna
516 1173 642 1256 prologi
675 1178 765 1258 parte
797 1171 997 1256 perdifficilis
1026 1179 1074 1237 est
1103 1171 1263 1254 quaestio:

177 1299 271 1363 spero
293 1287 399 1346 tamen
421 1286 452 1346 te
475 1281 690 1347 iudicaturum
714 1301 784 1348 esse
801 1283 834 1347 in
849 1283 896 1348 eis
912 1301 994 1364 quae
1016 1281 1158 1364 profero„
1166 1281 1264 1347 multo

177 1410 216 1456 ea
236 1389 345 1454 labore
367 1390 600 1475 curisque'non
633 1391 731 1457 semel
761 1390 884 1457 iteratis
912 1390 1099 1474 ponderata,
1130 1391 1266 1456 fructum

176 1497 410 1581 aliquantulum
432 1499 548 1565 inesse.
585 1501 727 1566 Primum
750 1501 850 1584 igitur
872 1501 980 1584 gravis
1002 1501 1035 1565 in
1055 1519 1092 1566 eo
1115 1499 1199 1565 inest
1220 1499 1264 1563 oi-

176 1607 278 1672 iensio
303 1606 388 1690 quod
410 1607 517 1674 Venus
540 1609 591 1674 his
615 1609 760 1675 versibus
781 1616 946 1692 tamquam
961 1608 994 1674 in
1008 1608 1120 1673 limine
1133 1607 1265 1674 fabulae

176 1722 241 1780 tarn
255 1717 349 1801 plene
363 1716 522 1800 praedicit
542 1738 593 1783 res
617 1719 650 1783 in
674 1718 783 1810 fabula
803 1716 956 1802 agendas,
979 1723 1013 1782 ut
1026 1717 1082 1783 vix
1095 1717 1265 1800 quicquam

177 1824 253 1890 novi
288 1827 522 1909 spectatoribus
554 1829 605 1892 vel
638 1827 819 1912 legentibus
853 1810 936 1892 ferat
966 1826 1051 1892 actio
1083 1826 1264 1910 insequens.

177 1933 305 2018 Dixepit
337 1935 472 2001 fortasse
509 1936 687 2019 quispiam:
719 1943 753 2002 at
787 1943 915 2020 poetam
947 1935 1053 2018 ipsum
1084 1934 1263 2018 vituperas:

177 2043 324 2125 peccavit
345 2044 525 2128 Euripides.
569 2046 663 2128 Sane,
698 2046 727 2111 si
756 2045 836 2110 haec
862 2045 971 2109 omnia
990 2043 1169 2129 Euripidae
1191 2063 1261 2110 esse

179 2149 323 2217 iudicare
355 2173 531 2236 possemus,
565 2155 635 2220 eius
667 2175 719 2222 ars
751 2162 835 2219 esset
857 2153 1032 2237 culpanda:
1065 2173 1136 2219 curn
1158 2157 1268 2217 autem*

177 2259 248 2344 plus
279 2280 342 2326 uno
375 2261 495 2328 indicio
529 2269 651 2328 constet
687 2270 868 2347 grassatum
893 2281 964 2327 esse
991 2262 1025 2326 in
1047 2261 1097 2327 his
1120 2259 1264 2326 versibus

177 2367 565 2455 interpolatorem,·etiam
594 2371 654 2438 hoc
677 2372 796 2438 crimen
830 2371 1022 2456 dissipatum
1045 2369 1086 2435 iri
1108 2387 1211 2453 spere,
1234 2369 1262 2434 si

177 2484 262 2544 recte
282 2483 411 2564 spurias
432 2490 540 2565 partes
562 2480 788 2546 definierimus.

274 2697 323 2763 De
343 2718 373 2763 v.
395 2699 527 2764 29-33.

323 2805 376 2870 καὶ
395 2807 474 2892 πρὶν
491 2809 550 2891 μὲν
572 2809 684 2876 ἐλθεῖν
704 2804 797 2898 τήνδε
819 2813 876 2898 γῆν
903 2809 1099 2895 Τροιζηνίαν,

324 2914 446 2998 πέτραν
466 2917 542 3003 παρ’
565 2911 664 3005 αὐτὴν
688 2913 860 2996 Παλλάδος
883 2912 1044 3002 κατόψιον
1223 2922 1265 2983 30

323 3027 379 3111 γῆς
400 3026 497 3112 τῆσδε
518 3022 596 3092 ναδν
616 3021 787 3110 Κύπριδος
808 3026 1032 3112 synedrium,

324 3131 419 3215 e'pcdu‘
444 3129 538 3214 ἔρωτ’
564 3131 718 3218 ἔκδημον·
738 3129 927 3222 Ἱππολύτῳ
948 3136 974 3201 δ’
999 3132 1057 3200 ἔπι

323 3236 361 3307 τδ
384 3238 501 3308 λοιπδν
522 3235 687 3325 ω’νόμαζεν
708 3237 863 3326 ἱδρῦσθαι
884 3239 977 3310 θεάν.

274 3377 372 3443 Iussit
393 3380 442 3443 32.
465 3380 505 3443 33
528 3377 627 3445 deleri
649 3378 877 3466 Blomlieldius,
899 3379 1107 3463 probantibus
1132 3379 1262 3444 Monkio

176 3493 207 3550 et
229 3487 278 3567 D„
301 3494 336 3552 ut
357 3487 436 3551 mibi
458 3487 592 3566 videtur,
617 3489 803 3554 rectissime.
847 3489 911 3553 Pro
950 3483 1089 3571 ἔκδημον
1111 3487 1266 3572 praebent

175 3593 291 3677 prioris
314 3595 436 3662 ordinis
459 3595 586 3662 codices
610 3591 754 3680 ἔκδηλον,
777 3597 862 3680 quod
890 3597 1020 3663 tolerari
1048 3617 1143 3682 posse
1164 3616 1266 3679 nego:

276 3839 308 3890 18
331 3836 416 3892 Grcclt
441 3838 522 3893 Verbo
539 3839 678 3908 Irrcpulor
696 3838 752 3893 aad
769 3838 915 3907 Defectioe,
932 3839 986 3892 Ed.
1006 3839 1041 3907 Η,
1059 3856 1087 3908 p.
1100 3841 1160 3892 257.

276 3935 308 3986 19
326 3933 421 3988 Etiam
440 3935 511 3989 Plat.
531 3935 644 3990 Theaet.
666 3937 725 4003 165,
735 3936 765 3988 B.
786 3937 882 3990 attulit
899 3935 1050 4004 Veitchius‚
1069 3953 1125 3994 non
1140 3935 1221 3988 bene.

274 4031 309 4083 20
327 4029 393 4085 Sero
412 4031 497 4086 didici
515 4031 728 4087 Herwerdonum
741 4032 838 4101 (Rebus
850 4031 882 4086 dc
888 4033 1036 4102 philolopic
1049 4035 1126 4099 1878,
1139 4031 1166 4084 Π
1175 4048 1203 4100 p.
1219 4031 1262 4098 19)

175 4126 290 4180 eandem
307 4127 402 4182 fecisse
420 4127 648 4182 observationem.
685 4127 739 4182 Sed
756 4145 818 4182 cum
836 4129 999 4183 sententiam
1018 4127 1067 4182 ille
1085 4127 1166 4182 modo
1182 4143 1261 4197 pror-

176 4239 221 4277 sus
241 4223 296 4278 alio
314 4224 506 4292 declaraverit,
528 4241 598 4293 quac
616 4223 779 4294 scripseram
797 4241 853 4279 non
872 4225 986 4280 mutavi.
