2842 4870
729 353 764 408 54

204 532 256 596 Ita
276 531 316 596 K.
338 527 480 594 editione
495 527 617 594 minore
632 533 664 593 et
677 527 719 592 N.
734 547 806 592 cum
817 525 989 592 Marciano.
1013 524 1150 592 Weilius
1168 526 1296 592 scribit:

608 654 785 718 κατθανεῖν
807 647 900 734 ἔδοξέ
920 675 987 734 μοι,

350 756 531 847 κράτιστον,
555 752 660 840 οὐδεὶς
680 752 820 845 υῖντερεῖ,
839 755 1082 844 βουλευμάτων.

200 911 265 976 qua
287 888 541 976 interpunctione
563 896 595 955 et
616 889 746 974 planior
765 888 801 954 fit
818 908 931 956 sensus
952 893 984 954 et
1004 886 1197 970 languidior.
1225 887 1310 952 Sed¹

198 1001 340 1069 mirabili
362 999 521 1086 patientia
545 999 723 1065 tolerarunt
745 1000 807 1065 viri
831 999 919 1065 docti
941 998 1085 1084 spurium
1107 997 1182 1062 402.
1212 996 1294 1061 Mihi

199 1112 350 1178 videntur
370 1103 552 1194 superiores
573 1107 713 1174 editores
735 1108 901 1192 scriptoris
922 1107 1065 1172 animum
1084 1107 1199 1172 melius
1221 1127 1296 1191 per-

200 1220 347 1307 spexisse
368 1217 587 1301 potioremque
609 1217 755 1285 codicum
777 1219 1000 1284 auctoritatem
1015 1215 1117 1284 secuti
1133 1235 1213 1298 esse,
1237 1215 1296 1297 qui

199 1329 247 1396 sic
267 1328 483 1412 scripserunt:

596 1437 773 1500 κατθανεῖν
794 1430 889 1517 ἔδοξέ
909 1458 967 1518 μοι

349 1539 540 1628 κράτιστον·
562 1534 671 1622 οὐδεὶς
691 1535 819 1628 ἀντερεῖ
839 1538 1065 1628 βουλεύμασιν.

201 1675 244 1741 Ut
265 1672 401 1739 Weilius
431 1673 478 1738 ita
513 1672 639 1755 antiqui
672 1667 883 1756 'grammatici
920 1690 1054 1755 quorum
1080 1671 1297 1738 correctiones

199 1783 289 1867 passi
311 1787 385 1848 sunt
406 1781 525 1866 prioris
548 1779 672 1847 ordinis
695 1780 831 1865 codices,
854 1779 1027 1847 studebant
1045 1781 1157 1867 spuria
1178 1782 1296 1848 tolera·

199 1890 280 1956 bilia
301 1888 445 1956 reddere.
489 1889 555 1956 Sed
586 1895 695 1956 notum
722 1896 771 1955 est
797 1891 1043 1974 interpolatores
1070 1891 1207 1958 frustula
1228 1897 1295 1958 tra-

200 1999 294 2084 gicae
315 1999 467 2066 dictionis
501 2020 599 2085 saepe
620 1999 867 2082 conquisivisse:
894 1999 1012 2083 legitur
1035 1990 1293 2082 ostendasque

200 2108 268 2175 ΑΙο.
290 2110 361 2193 615,
382 2107 432 2187 τίς
453 2099 589 2192 α’ντερεῖ,
615 2109 682 2176 Alc.
708 2110 799 2175 1083.
821 2109 905 2175 lled.
929 2111 1000 2174 364.
1040 2108 1147 2176 Simili
1170 2109 1298 2176 ratione

201 2226 385 2304 suspectum
406 2212 581 2301 κράτιστον
602 2227 699 2303 atque
722 2219 794 2306 σιγῇ
818 2221 867 2298 40,
892 2219 969 2301 ζῶα
990 2219 1062 2285 355.

922 2377 940 2420 0

305 2479 355 2545 De
375 2499 404 2546 v.
426 2481 607 2546 453-459:

348 2581 439 2654 ῖσασι
460 2586 519 2670 μὲν
540 2583 624 2667 Ζεὺς
641 2581 687 2666 αῖς
708 2589 783 2654 ποτ’
808 2579 939 2677 ἠράσθη
959 2582 1070 2673 γάμων

259 2751 265 2770 ,
312 2765 315 2772 ,
349 2696 500 2784 Σεμέλης,
521 2691 612 2763 ἰ’σασι
634 2697 662 2763 δ’
684 2691 731 2775 οἷς
751 2689 937 2782 ἆνήρνιασέν
950 2721 1043 2763 Ιποτε

350 2801 369 2894 ἡ
389 2800 600 2895 καλλιφεγγὴς
622 2805 777 2893 Κέφαλον
797 2802 844 2884 εἷς
865 2800 969 2883 θεοὺς
983 2801 1069 2885 Ἕως
1233 2809 1299 2874 455

351 2911 475 2999 ἔρωτος
497 2909 619 2980 οὕνεκ’·
640 2905 708 2980 ἄλλ’
731 2909 822 2997 ὅμως
842 2913 876 2980 ἑν
898 2907 1030 3001 ου’ρανῴ
1147 2947 1149 2954 ·

350 3023 475 3088 ναίουσι
496 3015 556 3089 aod
578 3018 752 3110 φεύγουσιν
775 3017 927 3090 ἐκποδών
948 3017 1060 3104 θεούς,

350 3130 520 3217 στέργουσι
541 3131 579 3212 δ’,
603 3124 705 3216 οἶμαι,
728 3133 884 3225 συμφορᾷ
905 3127 1088 3217 νικώμενοι.

352 3236 393 3308 σύ
418 3241 446 3306 d’
468 3232 527 3307 oda
541 3233 665 3324 ἆνέξιις

202 3371 334 3454 Ineptos
354 3391 384 3434 v.
396 3369 562 3434 456-458
583 3369 791 3454 expellendos
804 3378 972 3457 esseputo.
992 3368 1216 3478 Initioversus
1231 3371 1297 3435 456

203 3479 389 3564 explanatio
405 3499 646 3563 supervacanea
660 3474 784 3562 ἔρωτος
799 3473 914 3543 οὕνεκα
935 3500 993 3565 per
1014 3499 1049 3546 se
1071 3477 1297 3562 suspecta'est

202 3587 262 3654 sed
283 3587 343 3654 hoc
361 3587 467 3654 minus
488 3606 595 3672 graue.
618 3587 704 3667 Quid
726 3589 785 3654 tibi
805 3588 900 3672 lingis
922 3608 993 3654 esse
1014 3588 1190 3655 subiectum
1201 3589 1296 3656 verbi

203 3696 350 3762 voionus?
391 3700 447 3763 An
479 3698 577 3763 ctiam
606 3697 766 3764 Semelam
796 3697 1059 3784 Cephalumque?
1100 3699 1296 3766 Necessario

204 3806 340 3874 eundem
371 3805 424 3872 hic
460 3826 587 3874 sensnm
619 3814 841 3892 exspectamus
863 3827 956 3891 quem
978 3807 1077 3873 simili
1100 3807 1205 3874 Velati
1226 3807 1302 3876 loco

203 3915 383 3984 invenimus
405 3915 442 3980 fr.
462 3915 538 3980 434:
822 4001 824 4006 Ι

341 4029 449 4124 ’Ἑρως
470 4034 530 4123 γὰρ
552 4029 671 4123 ἄνδρας
696 4033 735 4105 οὗ
757 4035 878 4124 μόνους
899 4041 1070 4125 ἐπέρχεται

352 4140 420 4214 οὐδ’
442 4133 483 4213 αὖ
503 4152 662 4234 γυναῖκας,
688 4142 769 4214 ἀλλὰ
790 4149 845 4215 καὶ
866 4153 958 4216 θεῶν
978 4141 1046 4216 dvo

351 4255 459 4345 ψυχὰς
479 4253 634 4344 χαράσσει
655 4249 737 4325 adrui
758 4259 881 4326 πόντον
904 4255 1045 4346 ἔρχεται·
