2842 4870
672 395 707 456 85

291 576 367 638 ΑΔ.
387 567 473 661 γονή.
495 567 642 657 γυναικὸς
664 565 784 656 ἀρτίως
803 567 1006 660 μεμνήμεθα.

288 686 358 746 ΗΡ.
382 671 519 759 dovotus
539 674 560 770 ἢ
581 681 636 746 σοὶ
655 676 806 766 συγγενὴς
824 673 950 764 γεμῦοά
967 703 1035 759 τιςς

291 795 367 857 ΑΔ.
384 781 526 876 ὄδνεῖος,
546 779 652 868 ἄλλως
673 789 701 856 δ’
725 775 765 876 ἦν
784 781 938 874 οἷναμκαία
959 782 1081 872 δόμοις.

289 903 358 966 ΗΡ.
381 902 454 976 πῶς
478 885 535 964 οὖν
557 897 590 964 ἐν
613 892 716 976 οἴκοις
737 902 845 964 σοῖσιν
864 888 986 964 ὤλεσεν
1004 898 1095 980 βίον,ι
1304 981 1306 985 ,

189 1053 193 1064 .
291 1011 367 1074 ΑΔ.
382 1003 507 1092 πατρὸς
528 1002 691 1084 θανόντος
713 1001 823 1072 ἐνθάδ’
847 999 1064 1094 domeneslevo.
1173 1011 1235 1074 535

147 1136 224 1200 satis
260 1135 357 1200 hahet
392 1136 560 1201 veritatem
601 1133 800 1217 detorquere.
855 1133 939 1198 Nam
975 1133 1028 1199 hie
1063 1135 1235 1200 ohservare

147 1243 221 1310 licet
242 1243 369 1309 Admeti
391 1263 521 1310 uxorem
543 1262 608 1307 non
623 1243 724 1308 luisse
745 1243 815 1308 eius
837 1243 1118 1325 consanguineam.
1140 1243 1234 1326 Legi·

147 1354 222 1418 timo
248 1343 348 1436 igit'ur
380 1353 492 1436 quaeri
519 1356 625 1435 potest
653 1371 759 1417 annon
787 1351 937 1436 Euripidi
964 1352 1006 1417 sit
1027 1354 1087 1417 521
1111 1353 1236 1418 abiudi-

69 1486 71 1490 ·
148 1461 267 1527 candus
299 1482 364 1527 una
397 1481 469 1527 curn
501 1459 708 1545 praecedenti
739 1466 796 1526 aut
829 1462 977 1544 sequenti
1008 1478 1113 1527 vorsu.
1167 1461 1236 1546 Ego

148 1576 253 1636 tamen
278 1590 361 1655 nego
389 1568 423 1634 id
451 1571 560 1635 licere.
602 1570 707 1652 Atque
733 1570 871 1652 primum
897 1569 1025 1636 videtur
1045 1569 1125 1635 mihi
1151 1569 1236 1636 hunc

147 1697 273 1745 versum
295 1680 477 1763 respexisse
499 1678 731 1763 Aristophanes
752 1678 830 1744 Aah.
853 1678 928 1744 396:

316 1795 374 1868 oda
397 1801 490 1870 ἔνδον
513 1799 606 1869 ἔνδον
630 1801 725 1882 ἐστίν,
749 1799 780 1868 εἰ
800 1797 929 1888 γνώμην
952 1799 1045 1885 ἔχεις.
1088 1817 1092 1826 ’

148 1929 282 1996 Tradito
303 1936 411 1996 nostro
440 1929 511 1995 loco
540 1936 703 2012 tamquam
724 1928 912 2013 Euripiden,
945 1929 1098 1995 facillime
1121 1929 1239 1995 conici·

149 2058 216 2104 mus
238 2037 485 2124 Aristophanem
515 2037 656 2103 voluisse
679 2057 750 2103 eum
781 2038 984 2122 potissimum
1015 2039 1072 2104 illa
1103 2037 1239 2124 parodia

149 2145 342 2212 deriderem.
404 2146 552 2212 Concedo
583 2147 691 2211 tamen
724 2145 785 2214 hoc
816 2154 1036 2230 argumentum
1069 2169 1132 2214 non
1168 2168 1240 2214 esse

149 2255 366 2340 premendum,
396 2253 642 2339 Aristophanem
675 2255 811 2320 eandem
841 2255 1009 2338 parodiam
1043 2254 1240 2322 comminisci

149 2365 303 2449 potuisse,
318 2362 417 2430 etiam
431 2363 460 2429 si
474 2369 582 2428 noster
596 2363 685 2428 locus
696 2383 761 2429 non
776 2372 860 2430 esset
871 2363 1075 2451 Euripideus
1106 2363 1239 2447 Deinde,

149 2480 184 2540 ut
204 2473 247 2539 sit
268 2472 433 2539 eiciendus
457 2493 486 2538 v.
509 2473 579 2550 521,
601 2491 666 2537 non
687 2472 791 2538 minus
813 2473 914 2540 falsus
938 2481 986 2540 cst
1007 2475 1068 2538 519

316 2597 452 2674 διπλοῦς
474 2595 524 2662 ἐπ’
548 2587 629 2684 αὐτῇ
650 2599 761 2679 μῦθος
783 2583 854 2663 Ιἔστι
873 2621 932 2682 μοι
952 2597 1070 2683 λέγεινε
1110 2579 1111 2586 ¹

150 2725 206 2807 qui
229 2743 339 2790 versus
361 2724 450 2788 nulla
471 2722 594 2788 ratione
618 2723 775 2806 explicari
797 2730 901 2809 potest
929 2723 992 2790 nisi
1015 2743 1055 2789 ea
1077 2744 1141 2808 qua
1161 2745 1237 2790 usus

149 2841 199 2900 est
221 2831 381 2910 Admetus,
415 2850 518 2915 neque
550 2838 654 2896 tamen
688 2833 734 2897 ita
765 2833 880 2916 planus
913 2838 1018 2899 estut
1039 2833 1073 2899 in
1095 2833 1241 2899 diverbio

149 2962 258 3008 carere
291 2940 505 3025 explicatione
538 2941 649 3024 possit.
701 2941 807 3024 Atque
834 2941 867 3007 si
900 2943 1007 3008 omnia
1036 2963 1242 3024 amoveamus

150 3053 266 3135 quibus
296 3045 405 3117 insunt
436 3050 528 3129 falsa,
564 3051 685 3116 oriatur
717 3071 819 3117 novus
852 3053 1019 3135 scrupulus
1053 3053 1146 3136 isque
1178 3073 1242 3118 non

148 3162 242 3227 levis,
284 3157 482 3244 Expericndi
512 3179 610 3224 causa
644 3159 793 3226 tollamus
814 3181 844 3226 v.
867 3161 1052 3226 519-522
1078 3168 1173 3244 atque
1195 3161 1243 3227 sic

148 3269 314 3352 legamus:
787 3309 789 3316 ›

249 3371 320 3434 ΗΡ.
349 3358 392 3432 ov'
411 3362 475 3452 μὴν
496 3362 572 3454 γονή
594 3368 620 3452 μ’
645 3357 766 3433 ὄλωλεν
780 3357 956 3454 ’Ἀλκηστις
977 3368 1095 3447 οέθενς
1179 3370 1239 3435 518

250 3483 326 3544 ΑΔ.
349 3468 408 3542 οὖν
430 3468 534 3542 οἶσθα
555 3476 672 3562 μοίρας
691 3462 728 3564 ἧς
747 3473 855 3558 τυχεῖν
876 3469 978 3567 αὐτὴν
996 3473 1115 3562 χρεών,·
1178 3479 1240 3543 523

170 3596 182 3620 ·'
250 3589 321 3652 ΗΡ.
349 3576 410 3651 οἶδ’
433 3579 505 3650 ἀντὶ
520 3589 580 3651 σοῦ
602 3608 637 3670 γε
659 3589 836 3651 κατθανεῖν
857 3580 1043 3673 δφειμένην.

251 3699 326 3762 ΑΔ.
348 3698 422 3773 παῖς
443 3681 511 3764 οὖν,
526 3691 571 3761 ἔτ’
596 3692 693 3773 ἔστιν,
718 3687 812 3778 siluno
834 3684 948 3783 ᾔνεσεν
968 3688 1066 3774 solda,-

149 3821 317 3888 Leetorem
349 3841 427 3906 rogo
459 3843 535 3888 num
567 3821 618 3887 his
639 3827 805 3888 contentus
826 3841 898 3887 csse
919 3821 1060 3906 potuerit
1080 3821 1243 3888 Hercules.

148 3929 267 3996 Nonne
288 3951 392 4016 paene
414 3931 597 4000 necessario
619 3929 809 3998 credidisset
824 3931 979 3998 Alcestim
1001 3932 1065 3999 iam
1088 3940 1245 3998 mortuam

254 4127 285 4178 16
313 4125 403 4180 Simili
421 4127 530 4181 ratione
548 4126 618 4179 mihi
636 4125 847 4181 commendatur
865 4125 985 4180 Meineki
1005 4127 1171 4188 coniectura,
1196 4125 1244 4192 qui

150 4215 205 4268 Ar.
223 4211 292 4296 Aeh.
311 4215 363 4268 396
380 4213 513 4284 proponit
530 4215 723 4269 scribendum:

351 4303 433 4358 ἔνδον
450 4321 479 4356 τε
497 4299 563 4356 κούκ
582 4303 637 4356 ἔστ’
656 4303 745 4371 ἔνδον,
764 4305 788 4354 cl
804 4296 919 4374 γνώμην
938 4303 1016 4373 ἔχεις.
