2842 4870
190 519 246 603 qui
267 519 363 588 buius
384 519 606 587 oratiunculae
628 521 806 588 iuncturam
829 529 861 588 et
882 543 954 589 eum
969 523 1236 608 praecedentibus
1251 529 1284 590 et

190 650 261 696 cum
284 630 491 713 sequentibus
512 635 650 711 rumpat.
702 629 785 694 Nam
818 630 940 696 nullum
967 629 1066 696 babet
1100 631 1194 712 1041
1213 651 1285 697 eum

191 737 310 805 Thesei
331 738 417 805 dicto
438 758 565 821 nexum,
589 737 654 803 nisi
682 757 777 822 quem
809 739 964 824 praebent
995 739 1095 805 verba
1116 741 1197 804 1040
1227 733 1287 803 τὸν

189 841 311 911 τεκόντ’
335 837 506 930 ἀτιμάσας,
532 864 615 929 quae
645 848 744 913 verba
768 868 899 916 necesse
928 855 977 915 est
1008 868 1066 914 uos
1099 867 1157 932 per
1184 853 1286 914 totum
1410 865 1411 872 ¹

189 957 360 1041 Hippolyti
392 976 581 1041 responsum
618 957 857 1042 subaudiamus,
894 977 997 1040 neque
1028 957 1203 1023 verisimile
1237 963 1287 1024 est
1410 1017 1411 1022 ,

190 1071 319 1148 poetam
341 1084 449 1130 eorum
471 1065 605 1130 oblitum
628 1083 709 1131 esse.
752 1063 847 1143 Quod
868 1085 940 1132 cum
960 1067 1174 1151 perspexeris,
1196 1065 1284 1132 vide·
1410 1101 1411 1106 =

167 1233 169 1238 ,
190 1173 240 1238 bis
263 1180 459 1258 quantopere
489 1174 641 1258 langueat
664 1175 753 1240 1044.
790 1175 889 1242 Porro
918 1195 1050 1244 neeesse
1077 1184 1126 1244 est
1150 1196 1180 1242 v.
1204 1176 1284 1240 1045

190 1283 391 1348 continuetur
412 1288 445 1348 et
465 1283 617 1366 iungatur
639 1304 710 1351 cum
733 1285 822 1350 1043.
841 1283 1041 1362 concitatus
1056 1292 1105 1352 est
1120 1285 1285 1368 utriusque

190 1391 254 1457 viri
276 1391 402 1457 animus
425 1413 464 1459 ac
486 1412 543 1477 per
559 1397 665 1458 ‘totum
687 1392 867 1459 diverbium
888 1393 1020 1460 festinat
1046 1395 1159 1475 oratio,
1187 1394 1285 1460 verbo

194 1501 325 1567 verbum
348 1507 510 1585 sequente,
533 1521 623 1568 mora
643 1522 707 1568 non
727 1503 926 1587 interposita.
960 1505 1072 1571 Restat
1089 1511 1124 1580 ut
1138 1523 1284 1570 moneam
1410 1559 1411 1562 ,

190 1610 370 1694 asyndeton
391 1633 419 1677 v.
437 1612 517 1676 1045
547 1631 611 1677 non
632 1610 727 1678 modo
749 1609 800 1680 his
823 1613 1001 1680 rationibus
1023 1614 1102 1680 satis
1126 1611 1285 1696 excusari,

190 1720 367 1787 sedetiam
390 1721 576 1787 confirmare
598 1739 662 1788 eas.
709 1720 948 1788 Adscribendus
970 1729 1019 1790 cst
1042 1723 1124 1787 1044
1145 1720 1284 1788 absurdo
1410 1717 1411 1726 ’

189 1831 246 1897 isti
267 1830 374 1896 studio
397 1851 460 1914 quo
481 1833 580 1915 plana
610 1830 815 1916 explananda
844 1831 1009 1898 curabant.
1059 1830 1170 1898 Facile
1196 1829 1285 1896 venit

190 1940 411 2024 interpolatori
428 1961 458 2005 v.
472 1940 550 2004 1045
568 1939 686 2023 legenti
704 1929 937 2042 verbum-citrei
958 1940 992 2006 in
1012 1947 1160 2006 mentem.
1186 1940 1284 2004 Dam-

189 2055 282 2115 natus
296 2050 386 2114 1040.
400 2050 490 2133 1050,
503 2049 673 2132 aBergkio
685 2050 830 2133 alterum,
843 2051 978 2116 alterum
989 2070 1009 2116 a
1019 2049 1178 2132 Nauckio,
1189 2067 1283 2114 nemo

189 2165 274 2225 certe
285 2159 381 2224 hodie
393 2158 552 2224 defendet.
574 2159 768 2224 1111οι01048
780 2159 912 2243 languet
922 2178 1056 2243 eumque
1066 2157 1283 2226 damnandum
1410 2191 1411 2198 ν

190 2269 302 2336 habeo.
346 2269 419 2334 Non
440 2268 578 2354 debebat
599 2269 745 2335 Theseus
767 2267 848 2336 baec
866 2269 1019 2334 minitans
1041 2267 1190 2335 oblivisci
1210 2287 1284 2352 pre·
1410 2295 1411 2306 ν

189 2397 242 2442 ces
264 2396 340 2443 suas
361 2377 477 2460 quibus
499 2382 632 2441 mortem
653 2375 832 2460 Hippolyto
861 2375 1056 2459 imprecatus
1077 2381 1155 2442 erat.
1198 2377 1280 2442 Puto

189 2483 326 2551 eundem
348 2485 402 2566 qui
419 2504 447 2550 v.
461 2485 541 2550 1049
553 2505 594 2550 ex
606 2486 668 2550 898
679 2484 817 2551 confecit
838 2483 936 2550 etiam
959 2486 1040 2550 1048
1061 2504 1102 2552 ex
1124 2486 1184 2550 897
1206 2503 1300 2550 cen.

189 2594 314 2660 iecisse.
357 2595 469 2676 Neque
493 2595 578 2682 euim
604 2599 774 2677 potuerunt
796 2593 1040 2677 interpolatores
1072 2614 1183 2660 versus
1212 2615 1279 2659 mu·
1410 2661 1411 2664 ,

188 2710 293 2769 tuatos
315 2721 441 2788 semper
469 2703 641 2769 inmutatos
671 2703 705 2768 in
737 2703 877 2769 alienum
910 2703 1052 2770 inserere
1085 2689 1198 2771 locum.
1221 2691 1279 2769 ¹Si
1410 2775 1411 2778 Ἴ

187 2799 312 2880 mecum
333 2811 374 2878 de
390 2814 470 2877 1048
493 2814 681 2897 consenties,
699 2812 825 2878 videbis
840 2813 1101 2899 interpolatorem
1117 2813 1280 2896 iudicasse

188 2922 307 2989 Thesei
328 2923 431 2989 minas
453 2923 605 2990 obscuras
626 2923 853 3007 explanatione
876 2923 992 3008 dignas
1008 2941 1095 3013 ¹esse.

634 3103 832 3114 -ι--ι-ω-..ι-

285 3231 336 3296 Ι)0
357 3251 388 3297 v.
413 3229 634 3296 1452-1456:

329 3356 401 3423 ΘΗ.
425 3341 451 3418 ὦ
475 3354 621 3442 φίλταθ’,
644 3349 688 3432 ὥς
708 3359 853 3440 γενναῖος
873 3354 1018 3444 ἐκφαίνει
1039 3353 1148 3440 πατρί.

329 3467 393 3529 Ill.
426 3450 565 3546 ὦχαῖρε
588 3461 641 3528 καί
663 3460 712 3543 σύ,
735 3470 827 3549 χαῖρε
852 3458 961 3529 πολλά
976 3489 1043 3547 μοι,
1067 3459 1181 3548 πάτερ.

330 3576 403 3641 ΘΗ.
426 3563 511 3656 ὤμοι
533 3569 653 3660 φρενὸς
673 3575 733 3660 σῆς
755 3566 909 3655 εὐσεβοῦς
929 3597 965 3637 τε
987 3563 1142 3658 κάγαθῆς.

329 3687 390 3749 ΙΠ.
423 3682 560 3747 τοιῶνδε
581 3681 709 3748 παίδων
730 3680 868 3768 γνησίων
889 3671 984 3764 εῧχον
1006 3684 1123 3762 τυχεῖν.
1199 3681 1280 3746 1455

330 3793 403 3856 ΘΗ.
425 3788 469 3875 μή
491 3816 546 3856 νον
567 3775 701 3878 προδῷς
724 3813 774 3874 με,
798 3789 919 3876 τέκνον,
940 3783 1023 3856 ἀλλὰ
1048 3789 1205 3874 καρνέρει.

285 3917 379 3996 Hune
398 3920 504 3984 locum
530 3939 645 3986 sanare
667 3925 800 3986 conatus
822 3924 872 3985 est
892 3920 941 3986 W.
964 3915 1000 3986 Ᾱ.
1023 3919 1060 3985 E.
1082 3919 1143 3984 220
1165 3936 1279 3984 versus

188 4029 235 4094 ita
255 4028 434 4095 traiciendo
456 4034 492 4094 ut
506 4027 584 4095 ordo
599 4028 652 4095 hic
674 4030 729 4096 sit:
754 4029 1164 4094 1452.1455.1454.1453.
1183 4028 1278 4093 1456;
1410 4089 1411 4092 ,

188 4137 247 4204 sed
268 4158 348 4222 pace
369 4139 432 4204 viri
453 4139 597 4220 illustris,
618 4158 670 4203 me
694 4138 802 4206 iudice
822 4157 886 4204 non
908 4139 1043 4204 sanavit
1086 4137 1279 4204 Rectissime
1410 4193 1411 4200 ,

188 4245 388 4315 offenderunt
403 4248 465 4315 viri
487 4248 574 4314 docti
595 4248 629 4313 in
646 4248 736 4332 1453,
757 4248 878 4332 quippe
893 4249 950 4330 qui
971 4268 1043 4315 cum
1059 4248 1174 4314 ceteris
1189 4247 1277 4314 nullo
1410 4295 1411 4302 1
