2842 4870
651 373 683 428 17

133 543 242 628 forma,
275 549 311 609 ut
336 543 368 607 in
395 543 552 610 eiusmodi
580 546 660 610 loeis
690 550 935 611 consentaneum
958 550 1015 626 est,
1047 547 1214 614 crassioris

132 652 252 736 ingenii
284 657 377 718 notas
404 652 542 718 exhibet.
587 652 741 732 Quisnam
758 649 936 723 'defendero
962 654 1105 721 studebit
1125 677 1216 740 prae-

132 743 323 843 positionem
345 761 391 826 ita
417 763 556 844 positam
583 768 618 828 ut
644 763 704 829 hoo
730 764 801 829 loco
822 765 929 847 posita
950 769 999 840 est
1019 765 1217 849 praepositio

131 862 233 950 μετάΡ
275 869 344 951 Ego
376 869 507 951 quidem
541 871 646 938 simile
677 872 856 956 exemplum
886 871 942 937 ubi
973 892 1088 938 nomen
1116 875 1217 940 altero

132 977 258 1043 demum
278 998 373 1044 versu
402 985 554 1061 sequatur
582 1000 686 1062 neque
712 980 862 1046 recordor
888 999 991 1062 neque
1018 983 1107 1064 potui
1131 983 1217 1048 inve-

130 1089 210 1152 nire.
246 1087 394 1169 Denique
416 1087 506 1152 facili
525 1088 709 1155 coniectura
727 1089 929 1172 assequimur
943 1088 1055 1155 horum
1069 1109 1217 1156 versuum

131 1197 296 1279 originem.
338 1195 423 1262 Fioti
446 1203 519 1278 sunt
535 1217 575 1263 ex
591 1198 737 1264 versibus
759 1204 887 1264 nostrae
906 1199 1035 1264 fabulae
1056 1198 1126 1263 481.
1140 1199 1216 1263 483:

281 1332 446 1419 Τιρυνθίῳ
468 1328 606 1416 πράσσω
629 1337 689 1399 τιν’
705 1325 878 1416 Εδρυσθεῖ
897 1329 1011 1398 πόνον.

280 1438 408 1527 Θρῃκός
429 1439 592 1525 τέτρωρον
613 1435 699 1523 ἅρμα
721 1431 905 1528 Διομήδους
925 1440 1014 1524 μέτα.

131 1581 196 1648 Sed
217 1561 321 1648 etiam
335 1583 479 1667 expulsis
495 1583 566 1650 istis
581 1565 729 1651 versibus
745 1583 918 1667 displicent
939 1585 1100 1650 nonnulla.
1123 1584 1217 1668 Legi-

131 1711 201 1756 mus
223 1712 321 1757 nuno:

280 1818 299 1922 ή
322 1828 384 1918 μήν
406 1828 445 1898 σύ
466 1832 571 1899 πείσει
592 1807 709 1919 κοίντερ
732 1830 821 1918 ὠμδς
841 1827 886 1899 o'io
907 1823 999 1920 δι’γαν·

279 1946 370 2018 τοῖος
393 1941 536 2027 Φέρητος
558 1934 623 2008 εἶσι
643 1940 728 2026 πρὸς
749 1938 870 2027 δόμους
891 1935 981 2028 ἀνήρ,
1178 1947 1217 2008 65

280 2041 318 2128 ὃς
339 2049 377 2139 δή
399 2050 556 2131 ξενωθεὶς
575 2052 679 2118 τοῖσδ’
702 2051 735 2117 έν
754 2047 920 2138 Ἀδμήτου
942 2046 1054 2136 δόμοις
1080 2049 1083 2056 “
1176 2055 1217 2118 68

279 2158 337 2246 βίᾳ
357 2163 488 2242 γυναῖκα
507 2154 601 2248 τήνδε
623 2159 652 2225 σ’
677 2156 885 2246 ἐξαιρήσεται.

231 2300 343 2368 Nonne
364 2321 486 2368 meeum
516 2304 676 2369 consentis
704 2305 834 2388 pinguis
861 2323 933 2370 esse
960 2304 1122 2369 minervae
1143 2323 1217 2386 poe-

133 2415 200 2474 tam
223 2409 280 2492 qui
300 2411 399 2475 verba
429 2409 531 2474 τοῖσδ
555 2410 588 2476 έν
610 2401 772 2500 Ἀδμήτου
799 2406 913 2495 δόμοις
938 2412 1046 2477 verbis
1077 2410 1220 2496 Φέρητος
1348 2445 1353 2456 ·

133 2508 199 2582 εἶσι
219 2513 304 2599 πρὸς
326 2511 447 2600 δόμους
458 2520 713 2612 continuaverit?
755 2521 919 2614 Non'sum
935 2521 1055 2586 inscius
1077 2521 1218 2602 antiquis

133 2626 238 2710 poetis
259 2627 358 2693 verba
379 2626 545 2711 duplicare
567 2629 698 2694 licuisse
721 2630 817 2713 paulo
839 2629 972 2695 liberius
994 2648 1091 2711 quam
1115 2629 1218 2712 nobis,

134 2736 164 2800 si
187 2735 314 2817 quando
341 2756 380 2801 ex
401 2755 461 2801 usu
483 2737 580 2803 fuerit
606 2738 640 2804 id
665 2738 782 2821 facere,
810 2757 914 2820 neque
936 2744 1000 2803 tam
1023 2738 1219 2820 culpaverim

132 2844 356 2926 repetitionem
376 2847 525 2912 vocabuli
544 2839 710 2928 δόμοις-
727 2866 918 2929 quamquam
939 2845 1044 2911 minus
1066 2846 1218 2929 intellego

132 2952 214 3036 quid
235 2951 391 3034 commodi
424 2951 470 3017 sio
503 2951 638 3037 adeptus
660 2955 703 3018 sit
724 2955 860 3036 scriptor
879 2945 919 3000 '-
943 2972 1038 3034 quam
1058 2951 1219 3034 inelegan-

132 3061 211 3124 tiam
241 3061 403 3126 nominum
425 3059 571 3126 Pheretis
600 3066 631 3125 et
657 3061 785 3126 Admeti
814 3061 861 3125 ita
886 3058 1070 3142 positorum.
1113 3060 1220 3124 Etiam

132 3170 164 3234 si
187 3169 418 3234 intercederent
441 3169 504 3234 duo
526 3187 637 3242 versus
662 3169 802 3252 genuini,
824 3167 919 3233 valde
947 3173 1053 3232 tamen
1073 3166 1134 3232 hoo
1156 3166 1219 3232 dis-

132 3278 278 3362 pliceret.
320 3279 439 3343 Versus
466 3278 565 3360 igitur
593 3277 641 3342 68.
658 3278 697 3341 69
727 3297 791 3344 non
812 3295 882 3342 esse
904 3274 1107 3359 Euripidem,
1129 3273 1219 3340 fictos

131 3405 207 3453 esse
227 3387 310 3452 siout
330 3385 558 3470 praecedentes
572 3407 593 3450 a
610 3385 704 3452 docto
726 3386 853 3452 homine
872 3385 927 3469 qui
947 3391 1107 3450 extremae
1129 3382 1219 3450 labu-

130 3499 184 3562 lae
213 3497 410 3562 meminisset
439 3515 627 3579 persuasum
658 3495 770 3560 habeo.
812 3497 864 3577 At,
898 3495 1018 3560 dixerit
1048 3492 1220 3577 quispiam,

131 3606 214 3672 talia
245 3612 318 3670 sunt
350 3605 385 3668 in
417 3605 559 3689 prologis
587 3604 772 3688 Euripideis
805 3610 1026 3670 consentanea.
1071 3601 1164 3667 Certe
1191 3601 1220 3666 'si

131 3715 298 3797 exemplar
329 3712 447 3778 habere
478 3713 555 3779 licet
578 3713 748 3797 Hippolyti
770 3714 947 3796 prologum,
975 3712 1009 3776 in
1043 3711 1099 3776 illo
1124 3709 1220 3793 plane

129 3827 282 3890 narratur
313 3841 416 3905 paene
447 3828 515 3888 tota
548 3821 676 3887 fabulae
708 3823 802 3887 aetio.
846 3820 911 3886 Sed
938 3819 977 3884 de
1000 3839 1037 3886 eo
1059 3819 1124 3885 alio
1148 3819 1220 3884 loco

130 3952 206 3998 sum
231 3931 459 4016 disputaturus.
501 3931 620 3998 Nostra
640 3937 747 3996 autem
769 3930 878 3995 fabula
899 3950 920 3994 a
941 3928 1055 3994 ceteris
1085 3933 1117 3992 et
1144 3932 1220 3991 tem·

130 4061 213 4128 pore
228 4046 262 4106 et
274 4041 453 4106 rationibus
476 4041 522 4105 ita
540 4039 645 4106 divisa
667 4045 715 4105 est
737 4045 771 4104 ut
793 4059 863 4103 eam
879 4037 1051 4122 separatim
1074 4041 1220 4119 spectare

129 4151 240 4216 liceat.
283 4149 382 4214 Porro
403 4149 437 4214 in
465 4169 504 4214 ea
529 4148 654 4233 prologi
681 4153 771 4232 parte
799 4147 832 4210 in
860 4125 924 4228 {pua
951 4166 1036 4216 nunc
1056 4163 1221 4210 versamur

130 4263 220 4327 certe
244 4277 308 4323 non
329 4253 408 4323 talia
431 4262 662 4340 exspectamus.
684 4255 857 4338 Pergamus
879 4254 921 4320 ad
937 4252 1012 4320 Orci
1034 4272 1220 4336 responsum

1008 4364 1025 4416 2
