2842 4870
747 305 778 357 12

216 474 336 542 Monda
358 496 423 541 uon
445 476 606 542 sanabilia
627 475 691 542 duo
713 482 795 542 suut.
824 476 930 560 Atque
943 475 1025 542 tales
1038 475 1207 542 verborum
1220 475 1311 542 lusus

216 586 362 668 quamvis
385 605 486 670 saepe
508 586 549 651 ab
572 585 652 671 ipsis
680 586 813 670 tragicis
834 584 997 652 adhibitos
1025 605 1089 651 non
1110 605 1183 650 raro
1203 590 1309 650 tamen

217 702 348 780 captant
369 695 622 781 interpolatores.

313 939 350 1004 V.
367 939 406 1004 16
441 936 567 1020 πατέρα
587 931 717 1021 γεραιάν
738 933 775 1001 a‘
800 929 820 1024 ἥ
842 936 898 1024 σφ’
925 931 1030 1004 ἔτικτε
1052 934 1176 1022 μητέρα

212 1067 309 1131 quem
321 1053 355 1113 ut
366 1054 548 1132 suspectum
563 1048 688 1114 notavit
698 1048 738 1113 D.
749 1046 919 1114 emendare
934 1046 1056 1113 studuit
1069 1047 1107 1111 N.
1115 1046 1150 1110 ll.
1158 1046 1190 1112 S.
1204 1045 1246 1111 11.
1258 1045 1310 1129 49,

213 1163 299 1222 recto
314 1155 405 1222 uncis
423 1156 553 1222 inclusit
564 1157 599 1221 P.
612 1157 763 1222 Fortasse
785 1156 976 1223 monendum
991 1163 1041 1222 est
1059 1176 1098 1222 ea
1113 1175 1195 1239 quae
1207 1153 1309 1219 Phae-

213 1263 289 1330 drus
314 1263 444 1331 diaserit
468 1264 507 1331 de
523 1265 697 1332 Alcestidis
720 1264 832 1331 fabula
846 1265 928 1331 Plat.
945 1264 1055 1350 Symp.
1072 1265 1132 1330 179
1142 1263 1179 1328 B.
1195 1262 1229 1328 G.
1245 1281 1310 1328 non

214 1372 276 1439 buc
297 1393 368 1440 esse
391 1372 562 1440 referenda
583 1373 641 1440 sed
664 1373 706 1440 ad
728 1395 757 1439 v.
780 1374 956 1440 636-647.

293 1635 330 1700 V.
347 1633 386 1698 27
409 1633 565 1721 φρουρῶν
582 1627 651 1698 τόδ’
675 1619 770 1719 ἦμαρ,
794 1621 957 1720 ᾦθανεῖν
977 1625 1080 1722 ccclv
1101 1629 1205 1717 χρεών

213 1743 428 1810 otiosissimus
449 1749 507 1809 ast
551 1745 691 1810 Putasne
712 1743 900 1828 Euripidem
931 1750 997 1810 tam
1031 1743 1186 1830 pauperis
1207 1743 1310 1810 fuisse

212 1852 336 1937 ingenii
358 1859 393 1918 ut
414 1859 584 1937 postquam

312 1963 353 2027 20
749 1961 826 2049 τῇδε
846 1955 905 2045 γάρ
926 1963 983 2048 σφ’
999 1961 1033 2027 ἐν
1055 1960 1160 2048 ἡμέρᾳ

409 2072 526 2134 θανεῖν
548 2069 722 2153 πέπρωται
744 2070 797 2134 καὶ
818 2072 1014 2157 μεταστῆναι
1033 2069 1108 2152 βίον

212 2197 397 2281 scripsisset
419 2196 668 2287 continuohuuo
683 2197 824 2264 scribere
845 2197 1012 2281 potuerit?
1046 2195 1218 2291 Copipsam
1239 2216 1308 2263 ver·

213 2306 325 2372 borum
338 2305 570 2390 supellectilem
585 2307 771 2391 plerumque
783 2291 847 2372 non
859 2306 1022 2373 habebant
1035 2307 1069 2372 in
1091 2311 1240 2392 promptu
1260 2305 1308 2371 iu·

213 2416 442 2499 terpolatores:
470 2433 553 2498 quae
575 2415 609 2480 in
633 2422 783 2483 contextu
806 2416 1016 2483 inveniebant
1038 2435 1079 2482 oa
1094 2415 1308 2500 usurpabant:

213 2525 368 2607 φρουρῶν
390 2532 551 2608 sumptum
570 2533 619 2592 est
641 2546 659 2592 e
680 2528 730 2592 35.
773 2525 859 2606 Quid
885 2524 1012 2592 efficere
1042 2525 1180 2592 volucrit
1212 2523 1308 2590 buius
1402 2555 1403 2610 3

212 2653 323 2699 vorsus
356 2641 466 2702 auctor
487 2641 633 2719 apertum
655 2643 724 2702 est:
754 2636 890 2702 obscura
910 2635 942 2700 ei
965 2634 1036 2701 visa
1057 2642 1131 2701 suut
1151 2633 1249 2700 verba
1265 2633 1308 2697 26

211 2736 396 2824 σύμμετρος
435 2743 462 2808 δ’
501 2734 649 2830 ἄφίκετο,
680 2765 765 2828 quae
797 2751 871 2810 sunt
902 2742 1162 2830 praecedentium
1195 2748 1307 2827 aptum
1402 2737 1403 2742 ’

213 2852 431 2920 summarium.
846 2853 851 2861 '

423 2963 459 3026 V.
483 2962 521 3026 31
544 2949 783 3046 ἀφοριζόμενος
802 2958 855 3025 καὶ
877 2956 1073 3025 natandum

211 3086 360 3152 Nauolrio
382 3086 417 3150 u.
434 3085 465 3151 S.
479 3085 518 3150 ΙΙ.
534 3087 575 3152 49
590 3107 637 3169 sq.
661 3085 828 3152 damnanti
851 3085 1040 3172 adstipulor‚
1062 3085 1174 3153 dubito
1199 3093 1306 3152 tamen

211 3215 287 3260 uum
308 3195 387 3260 firros
417 3195 674 3280 interpolationis
707 3203 793 3262 recte
825 3196 881 3262 ille
904 3195 1060 3262 statuerit.
1104 3194 1306 3279 Quamquam

212 3325 283 3371 cam
314 3306 354 3370 N.
378 3305 541 3370 consentio
574 3306 695 3370 nullam
729 3306 857 3372 obstare
887 3306 1043 3372 rationem
1065 3303 1306 3389 grammaticam

214 3415 293 3498 quin

311 3524 352 3587 30
370 3591 378 3600 ρ
474 3521 588 3603 Φοῖβ’,·
609 3513 732 3600 ἀδικεῖς
754 3508 795 3586 αὖ
813 3519 909 3604 τιμὰς
930 3520 1047 3605 ἐνέρων

212 3649 283 3716 siue
297 3669 327 3713 v.
339 3650 378 3714 31
390 3650 543 3732 legamus,
557 3649 637 3714 mihi
649 3657 755 3715 tamen
768 3650 796 3715 is
812 3668 882 3716 esse
898 3648 1024 3715 videtur
1034 3649 1145 3715 borum
1157 3669 1305 3716 versuum

212 3777 324 3840 nexus,
348 3764 383 3824 ut
404 3759 504 3824 multo
526 3757 657 3824 facilius
678 3758 871 3825 crediderim
886 3758 997 3824 umbos
1019 3759 1060 3823 ab
1083 3757 1196 3824 eadem
1210 3777 1306 3824 manu

213 3886 284 3934 esse
305 3867 475 3950 profectos,
502 3866 693 3950 pracsertim
720 3887 791 3933 cum
824 3874 939 3952 poetae
971 3866 1130 3934 sententia
1161 3873 1306 3932 neutrum

211 3974 362 4059 requirat.
397 3975 475 4040 llam
497 3976 688 4041 senteutiam
711 3976 739 4042 si
763 3977 859 4060 paulo
880 3975 1061 4042 accuratius
1076 3975 1304 4058 examinemus,

148 4113 152 4125 ·
212 4084 320 4150 nescio
331 4105 373 4150 au
384 4090 485 4150 artem
499 4084 661 4168 quandam
673 4085 870 4151 subtiliorem
883 4092 998 4170 poetae
1016 4083 1176 4151 inventuri
1192 4084 1302 4163 simus,

211 4214 307 4277 quam
328 4213 386 4280 pro
407 4193 537 4279 ingenio
558 4213 744 4280 scoparum
765 4195 968 4268 intellexerat
989 4193 1208 4280 interpolator.
1240 4193 1302 4260 llx-
