2842 4870
720 335 754 390 le

291 499 401 585 Spurii
423 511 496 570 sunt
512 525 541 571 v.
555 507 679 570 43-46
765 548 770 562 ·

388 629 442 693 καὶ
462 625 519 695 τὸν
540 628 599 712 μὲν
620 625 695 719 ἡμῖν
717 629 875 713 πολέμιον
896 630 1023 696 νεανίαν

387 741 493 801 κτενεῖ
510 734 616 825 πατὴρ
639 729 777 821 οἷραῖσιν,
798 730 837 816 ἃς
859 732 876 803 ὁ
899 733 1039 816 πόντιος·

385 835 466 927 ὂῖναξ
483 847 655 912 Ποσειδῶν
677 837 809 913 cinaeo
832 851 935 933 Θησεῖ
955 847 1057 933 γέρας,
1239 857 1282 918 45

386 941 486 1041 μηδὲν
505 950 643 1036 μάταιον
663 952 711 1034 εἷς
732 957 803 1040 τρῖς
825 946 984 1038 εὔξασθαι
1006 961 1088 1045 θεῷ.

191 1081 335 1148 Consenti
358 1089 432 1147 sunt
451 1083 575 1147 43-45
598 1103 638 1147 ex
660 1082 778 1148 Thesei
799 1084 905 1150 verbis
928 1085 997 1150 895.
1021 1085 1102 1149 8962

340 1199 359 1226 >l

339 1233 357 1293 η
379 1203 439 1292 γὰρ
462 1201 754 1286 Ποσειδῶναῦτόν
773 1203 952 1286 εἰς”Λιδοο
974 1204 1080 1288 πύλας

337 1310 480 1380 θανόντα
502 1316 631 1401 πέμψει
652 1313 711 1393 τοῖς
733 1311 811 1398 ἐμὰς
832 1306 912 1400 ἀρὰς
933 1317 1057 1401 σέβων,

35 1449 41 1460 ’
166 1413 284 1546 'etque
306 1442 518 1508 otiosissimus
540 1443 581 1506 46
603 1463 644 1508 ex
666 1444 791 1509 Dianae
812 1443 918 1510 verbis
941 1445 1166 1512 1315-1317:

337 1553 388 1651 ἆρ’
412 1557 516 1631 οἶσθα
538 1563 663 1648 πατρὸς
682 1571 771 1649 τρεῖς
792 1558 871 1650 ἆροὶς
893 1573 1010 1655 σαφεῖς
1034 1567 1126 1652 ἔχων,

337 1661 382 1739 ὦν
403 1673 460 1763 τὴν
481 1671 557 1756 μίαν
578 1675 740 1758 παρεῖλις,
765 1663 791 1739 ὦ
813 1667 944 1742 κάκιστε
967 1673 1015 1758 οὗ,

336 1784 383 1865 εἷς
404 1788 508 1852 παῖδα
528 1782 586 1850 τὸν
607 1783 674 1852 σόν.

186 1917 291 1998 Atque
311 1936 340 1980 v.
358 1915 399 1978 46
421 1913 518 1979 etiam
543 1933 645 1978 sermo
668 1912 775 1998 prodit
796 1914 962 1998 scriptoris
984 1916 1169 1999 ingenium:
1203 1939 1283 1984 nam

187 2044 301 2108 parum
331 2029 480 2089 accurate
516 2022 676 2106 quadrant
707 2022 740 2087 in
774 2024 964 2089 sententiam
997 2027 1095 2092 verba
1127 2021 1174 2102 εἰς
1209 2027 1285 2108 τρὶς

188 2121 360 2212 εὔξασθαι.

262 2234 265 2240 ’
286 2241 434 2324 Denique
456 2261 485 2305 v.
506 2240 648 2305 48—50:

330 2365 468 2458 Φαίδρα·
491 2360 528 2430 τι)
551 2360 609 2450 γὰρ
624 2366 713 2454 τῆσδ’
737 2358 776 2432 οὗ
797 2360 991 2452 προτιμήσω
1013 2363 1111 2434 καιὸν

328 2471 366 2540 τὸ
388 2471 432 2564 μὴ
456 2473 494 2538 οὐ
515 2478 695 2557 παρασχεῖν
716 2469 798 2553 τούς
819 2470 916 2559 ε’μούς
938 2471 1087 2560 ἐχθροὺς
1100 2473 1172 2558 ἐμοὶ
1234 2529 1237 2534 .

327 2583 417 2670 δίκην
437 2578 596 2667 τοσαύτην
618 2577 693 2648 ὥστ’
717 2579 792 2666 ἐμοὶ
813 2584 919 2662 καλῶς
941 2579 1025 2665 ἔχειν
1141 2648 1143 2654 ,

186 2710 325 2794 itemque
347 2713 396 2775 56.
419 2710 480 2774 57:
577 2742 590 2771 ·

326 2829 487 2918 ὕμνοισιν·
512 2825 550 2900 οὗ
571 2829 629 2919 γὰρ
653 2825 714 2900 οἶδ’
737 2826 938 2920 ἀνεῳγμένας
959 2828 1063 2911 πύλας

318 2937 446 3024 Ἅιδου,
469 2937 555 3032 φάος
575 2943 612 3008 δὲ
632 2943 783 3008 λοίσθιον
805 2942 937 3026 βλέπων
959 2936 1045 3010 τόδε.

186 3079 260 3138 sunt
280 3070 460 3153 amovendi,
481 3070 539 3136 sed
561 3091 624 3136 non
646 3089 717 3135 mea
737 3077 786 3136 est
806 3070 885 3136 haeo
906 3061 1073 3154 ἀθέτησις.

283 3199 333 3263 De
363 3197 508 3264 versibus
539 3198 579 3262 41
611 3204 643 3263 et
675 3198 714 3262 47
747 3195 826 3279 quid
855 3197 899 3263 sit
922 3195 1125 3264 statuendum
1146 3203 1194 3262 est
1217 3217 1278 3263 our

189 3307 324 3373 dubites.
368 3308 433 3371 Aut
463 3283 566 3389 spurii
598 3312 672 3370 sunt
700 3313 756 3371 eut
787 3311 860 3390 post
881 3306 920 3369 41
944 3304 1132 3372 exciderunt
1161 3325 1278 3373 versus

185 3413 338 3496 nonnulli.
371 3414 436 3481 Sed
457 3422 491 3480 ut
512 3414 666 3480 iudioiurn
689 3435 792 3480 meum
815 3414 854 3480 de
870 3415 1003 3497 prologo
1018 3415 1052 3478 in
1068 3413 1277 3480 summarium

185 3523 378 3603 eontraham,
401 3523 568 3590 constabat
590 3524 666 3590 olim
689 3544 728 3588 ex
751 3523 802 3588 his
822 3523 989 3589 versibus:
1013 3524 1124 3588 1-28.
1139 3524 1275 3587 34-36.

185 3635 234 3699 38.
249 3635 298 3698 39.
320 3635 453 3699 51—55.
489 3634 540 3698 Ita
561 3632 642 3697 bene
663 3631 909 3716 progrediuntur
932 3633 1058 3698 omnia:
1080 3631 1122 3698 ad
1145 3631 1277 3697 fabulae

184 3743 342 3808 astionem
372 3740 620 3826 intellegendam
651 3741 731 3807 satis
762 3740 879 3806 habent
910 3729 1126 3825 speotatores‚⁴
1145 3750 1209 3820 aut,
1239 3749 1277 3806 ut

185 3851 271 3916 idern
304 3851 397 3916 aliter
428 3851 541 3933 dicam,
571 3849 650 3914 bene
673 3855 704 3914 et
737 3849 831 3932 plene
860 3850 1060 3934 explicantur
1089 3850 1138 3914 22.
1165 3850 1206 3912 23
1231 3847 1276 3914 τά

183 3955 290 4024 πολλὰ
312 3959 351 4047 δὴ
372 3953 474 4024 πάλαι
488 3953 704 4041 προκόψασαι
727 3958 865 4042 denique
881 3958 976 4023 minis
991 3959 1135 4025 obscuris
1149 3957 1275 4025 indioat

183 4069 291 4140 Venus
313 4068 479 4136 Phaedrae
498 4068 732 4154 Hippolytique
752 4067 828 4133 tata

629 4265 771 4272 Ἦ...-
775 4264 820 4271 -..-
