2842 4870
718 365 753 417 26

193 551 317 598 omnem
348 554 443 616 quam
475 535 694 602 elaboraverat
722 536 912 620 gravilaoem
945 541 977 601 et
1007 535 1155 600 effoetum
1187 535 1277 601 illius

191 641 255 706 looi
277 651 491 728 eorrumperet
513 651 607 727 atque
622 645 718 710 etiam
734 645 766 712 in
789 645 887 711 risum
902 651 1040 711 verteret
1052 644 1159 710 verbis
1174 665 1277 728 paene

191 749 312 816 eisdem
333 759 441 817 nostro
462 752 532 818 Ιοοο
554 773 629 820 usus
644 751 714 818 sine
738 773 847 819 eausa.
881 753 986 835 Atque
999 753 1074 818 huie
1089 765 1277 836 argumento

191 856 270 940 quid
293 859 444 924 momenti
464 861 507 925 sit
527 860 730 928 tribuendum
763 861 859 927 velim
891 882 933 928 ne
962 861 1051 946 prius
1081 860 1275 927 iudioaveris

191 985 286 1049 qnam
307 968 457 1035 statueris
467 968 546 1052 qnid
555 970 701 1037 veritatis
720 971 754 1036 in
769 970 816 1038 eis
831 970 908 1036 insit
922 990 1003 1054 quae
1017 970 1058 1036 de
1072 991 1101 1036 v.
1111 969 1276 1036 509-545

190 1071 362 1159 disputavi.
409 1076 529 1162 Aperta
551 1084 600 1144 est
619 1079 703 1145 ratio
725 1099 837 1145 vorsus
854 1081 914 1144 143

386 1191 447 1287 ἤδη
469 1197 649 1290 προνωπὴς
672 1201 740 1269 ἐστι
765 1202 819 1268 καὶ
839 1207 1059 1287 ψυχορραγεῖς
1167 1217 1171 1227 ’

169 1326 277 1394 idom
298 1327 404 1400 dioere
424 1331 525 1396 voluit
547 1329 756 1416 interpolator
775 1330 861 1414 qnod
884 1329 967 1396 dixit
987 1336 1082 1415 poeta
1104 1329 1152 1395 19.
1175 1331 1230 1394 20:

718 1455 751 1522 ἐν
768 1459 877 1539 χεροῖν
897 1450 1090 1539 βασσάζεσαι

386 1566 647 1649 ψυχορραγοῦσα.

191 1689 257 1757 Sed
292 1692 447 1804 vooaqulo
483 1687 770 1782 προνωπήςσ1οᾱ
795 1691 1132 1778 1.18611111111;1111
1166 1712 1277 1758 veram

190 1799 455 1883 significationem
477 1801 578 1879 vides,
600 1802 718 1868 abusus
739 1808 797 1868 est.
840 1795 891 1867 A'd
911 1809 1053 1868 nostrum
1074 1821 1200 1867 versum
1216 1814 1276 1866 ve-

190 1908 321 1976 rissima
342 1917 390 1977 est
409 1910 602 1977 scholiastae
624 1910 807 1977 adnotatio:
839 1903 1036 1995 προνωπὴςε
1070 1931 1277 1992 σροπεπτω-
1320 1952 1326 1966 .

189 2019 276 2101 κοῖα,
306 2017 408 2097 valde
425 2025 532 2084 aulem
557 2019 763 2086 artificiosum
789 2018 875 2103 quod
901 2018 1012 2086 addit:
1041 2021 1275 2102 σσρονενεοκαῖα

190 2120 238 2202 εἰς
257 2119 410 2192 θάνατον.
451 2128 560 2194 Potest
581 2129 637 2211 qui
661 2149 725 2195 non
746 2129 811 2194 iam
836 2128 973 2213 pedibus
997 2129 1171 2194 sustinetur
1191 2149 1276 2209 προ·

190 2228 302 2319 νωπὴς
323 2255 413 2302 esse:
439 2242 545 2320 potest
566 2238 663 2303 etiam
684 2235 717 2302 ἒν
743 2240 853 2320 χεροῖν
872 2233 1102 2322 βαστάζεσθαι,
1133 2236 1277 2303 sednon

83 2349 85 2354 “
191 2342 302 2409 eodem
323 2329 473 2430 ternpore.
515 2344 618 2424 Quam
641 2346 736 2412 faoile
757 2346 896 2431 potuerit
928 2365 1035 2413 sooors
1067 2345 1275 2430 interpolator

190 2451 226 2517 id
255 2453 445 2519 vocabulum
466 2454 526 2518 186
547 2473 695 2538 perverse
727 2431 913 2538 intellegere
944 2453 1071 2520 videbis
1097 2455 1126 2520 si
1147 2461 1273 2539 reputa-

190 2560 274 2626 veris
295 2560 330 2626 id
351 2561 384 2626 in
405 2561 522 2629 litteris
546 2582 609 2627 non
639 2569 765 2638 exstare
790 2563 854 2629 nisi
880 2561 967 2648 apud
988 2563 1179 2646 Aeschylum
1199 2564 1272 2645 (Ag.

109 2677 112 2684 ’
189 2669 264 2748 234)
287 2675 318 2734 et
340 2668 527 2754 Euripidem
552 2669 632 2753 (Alo.
646 2671 715 2736 186.
729 2670 811 2737 And.
829 2671 910 2749 729).
943 2672 1020 2737 Post
1041 2670 1185 2736 llnelleri
1207 2691 1274 2735 mo-

188 2776 524 2846 111111111144111111
548 2800 632 2846 nexu
655 2784 763 2846 carere
785 2779 841 2846 vix
858 2780 1006 2865 negabis.
1033 2780 1145 2863 Neque
1166 2786 1273 2845 tamen

189 2884 360 2968 quiequam
380 2887 561 2971 proficimus
582 2887 611 2952 si
632 2888 716 2954 huno
737 2895 768 2954 et
787 2894 970 2971 sequentem
985 2907 1111 2954 versum
1125 2893 1198 2972 post
1213 2887 1271 2952 149

190 2994 390 3074 collocamus,
406 3016 481 3064 uam
496 2996 543 3062 ita
556 3018 586 3062 v.
600 2998 668 3062 150.
688 2998 745 3061 151
762 2995 891 3082 proprio
905 2991 991 3062 ne'xu
1004 2995 1175 3080 privamus.
1207 2994 1272 3062 Sed

188 3103 291 3186 magis
313 3105 482 3200 apparebit
497 3106 558 3170 144
572 3106 663 3184 ratio,
686 3106 713 3171 si
733 3112 918 3189 sequentem
933 3124 1059 3171 versum
1074 3110 1271 3189 spectamus:

336 3218 430 3294 odacro
453 3223 522 3296 τόδ’
546 3221 615 3296 οἶδε
637 3224 799 3315 δεσπότης
818 3229 898 3312 πρὶν
918 3223 957 3292 ἂν
977 3222 1084 3315 πάθῃ.

188 3363 277 3429 Haeo
299 3381 362 3428 non
382 3363 486 3448 potuit
506 3364 644 3430 seribere
666 3363 847 3448 Euripides,
869 3384 944 3429 nam
965 3364 1181 3448 exeeptoloo
1201 3364 1271 3431 loeo

189 3470 252 3536 sibi
282 3472 484 3538 consentiens
516 3471 608 3556 fingit
639 3472 695 3538 ille
722 3471 890 3537 Admetum
912 3473 1052 3538 maximo
1085 3473 1150 3538 iam
1171 3473 1271 3556 affligi

188 3579 285 3662 luotu,
307 3599 378 3645 sero
397 3599 485 3661 sane,
507 3586 613 3646 tamen
635 3589 708 3646 ante
735 3587 866 3646 mortem
887 3579 1071 3646 Aloestidis,
1104 3581 1186 3647 llum
1207 3582 1271 3646 iam

188 3687 223 3752 in
244 3707 368 3755 summa
389 3689 612 3776 desperatione
633 3709 754 3755 summo
776 3708 919 3754 maerore
939 3708 1010 3754 esse
1031 3697 1139 3756 narrat
1161 3691 1271 3756 eadem

188 3795 311 3862 famula
326 3817 356 3863 v.
377 3800 551 3864 201-203.
586 3800 685 3866 Porro
706 3796 842 3865 conferri
863 3798 960 3864 velim
981 3796 1109 3874 Admeti
1129 3799 1226 3864 verba
1242 3820 1271 3864 v.

188 3906 259 3970 420.
278 3906 348 3971 421.
370 3907 481 3990 Neque
496 3907 688 3992 respondere
702 3906 762 3972 tibi
775 3907 851 3974 lieet
865 3912 992 3991 poetam
1005 3926 1036 3972 v.
1053 3907 1112 3972 145
1134 3908 1271 3974 famulae

189 3997 274 4100 ἦθος
293 4013 445 4082 exhibere
464 4016 612 4081 voluisse.
655 4015 821 4082 Famulam
853 4015 886 4080 in
918 4034 1067 4080 scaenam
1087 4001 1271 4082 'introduxit

184 4133 272 4205 '‘1¹¹²“
293 4122 467 4208 profundas
489 4123 599 4207 regiae
620 4123 732 4191 domus
753 4123 901 4190 miserius
920 4122 1015 4189 ohoro
1036 4130 1069 4189 ot
1086 4124 1271 4208 spectatori·
1405 4153 1406 4206 1

190 4231 248 4302 bus
270 4234 419 4319 aperiret,
446 4240 542 4316 atque
575 4231 665 4300 nefas
689 4240 738 4300 est
759 4240 897 4300 statuere
918 4231 1007 4299 illum
1028 4233 1124 4301 rebus
1155 4235 1271 4302 alienis
