2842 4870
603 383 691 450 ‘re

124 571 209 642 Nam
223 585 327 650 neque
341 569 512 653 quiequam
527 574 621 652 rogat
630 587 691 634 nee
705 556 875 652 pollioetur
886 568 1001 651 Apollo
1016 587 1076 634 nee
1089 573 1217 634 reeusat

125 680 234 764 Orous,
253 686 365 746 neuter
384 679 505 764 profert
526 697 643 769 nouum
666 682 897 760 argumentum,
927 677 1017 742 nulla
1048 677 1133 744 inest
1165 683 1221 742 aut

123 787 300 856 similitudo
322 795 378 856 aut
397 793 569 854 oonoentus
594 806 665 853 oum
688 785 843 852 eonvioiis
865 804 948 868 qnae
973 785 1170 871 praeeedunt
1186 792 1218 852 et

124 902 304 966 secuntur‘l
351 897 417 966 Sed
438 897 466 962 si
487 896 545 962 hos
569 915 679 962 versus
711 895 863 964 molestos
885 897 1087 978 removimus,
1109 895 1219 961 omnia

124 1008 205 1074 bene
228 1027 264 1072 se
283 1005 412 1072 habent.
445 1005 619 1086 Postquam
635 1003 738 1070 edixit
750 1001 852 1072 Orous
872 1004 1061 1071 semanima
1077 1003 1218 1088 gaudere

125 1117 276 1182 iuvenum
290 1114 455 1183 funeribus
470 1122 567 1198 atque
577 1113 691 1181 reieoit
710 1114 761 1180 vel
782 1113 889 1198 potius
905 1109 1096 1198 contempsit
1110 1133 1219 1178 morae

123 1225 310 1310 praemium,
332 1224 492 1308 intellegit
516 1222 632 1309 Apollo
659 1223 756 1290 inrita
782 1243 855 1291 esse
876 1224 985 1289 omnia
1005 1242 1064 1290 sua
1084 1223 1221 1289 oonsilio

124 1341 222 1418 atque
242 1333 318 1401 Oroi
339 1333 448 1401 verbis

167 1468 207 1532 57
308 1461 393 1551 πρὸς
413 1465 480 1531 τῶν
502 1460 649 1546 ἑχόντων,
675 1467 787 1548 Φοῖβε,
812 1459 872 1530 τὸν
892 1458 993 1571 νόμον
1012 1467 1122 1540 τιθεῖς

126 1600 300 1687 respondet
318 1601 374 1667 ille

167 1738 207 1801 60
307 1724 424 1800 οὔκουν
445 1734 537 1800 δοκεῖ
554 1758 608 1802 σοι
631 1731 725 1822 τήνδε
746 1757 805 1818 μοι
826 1734 938 1800 δοῦναι
959 1727 1066 1819 polono,-

225 1869 267 1934 Vt
288 1874 411 1936 oeteras
433 1871 578 1935 omittam
593 1870 734 1936 rationes
756 1870 874 1952 quibus
894 1871 958 1936 viri
977 1870 1063 1936 doeti
1080 1871 1217 1936 formam

124 2000 154 2045 v.
169 1979 209 2042 59
232 1979 396 2062 explioare
424 1977 622 2060 studuerunt,
652 1980 746 2043 unius
777 1976 955 2043 Kirohhoffi
982 1978 1220 2044 adnotationem

125 2093 259 2171 tangere
279 2087 369 2153 libet.
413 2087 472 2152 Ille
493 2088 544 2152 vir
561 2086 767 2152 doctissimus
790 2085 935 2152 soholion
956 2088 1077 2171 profert
1092 2088 1221 2154 Vatiea-

125 2217 215 2262 num:
238 2194 420 2282 μέμφοιντο
442 2187 481 2258 dv
501 2189 562 2280 τήν
584 2190 665 2279 ε’μήν
686 2190 818 2278 δύναμιν
836 2188 868 2259 ol
890 2193 924 2260 ἐν
941 2190 1026 2282 γήρᾳ
1046 2194 1223 2259 τελευτῶν·

124 2326 188 2380 τες.
201 2353 208 2369 .
219 2353 246 2370 ..
260 2293 379 2381 ἄλλως·
392 2297 483 2386 παρὰ
493 2307 559 2368 τῶν
571 2301 796 2387 πολυχρονίων
807 2293 1000 2387 α’γορὰσειαν
1010 2296 1050 2366 ἂν
1065 2297 1096 2368 ol
1118 2297 1222 2366 πλού-

125 2433 194 2476 σιοι
215 2406 273 2477 τὸν
295 2410 426 2477 ἐκείνων
446 2406 562 2496 χρόνον
573 2411 639 2478 κτλ.
660 2412 759 2480 Cuius
784 2413 899 2479 scholii
922 2414 1078 2480 rationem
1099 2414 1148 2477 ita
1168 2433 1223 2478 ex-

125 2523 242 2606 plieat:
263 2515 413 2606 “duplex
434 2523 534 2606 igitur
556 2523 632 2588 olim
654 2522 818 2589 ferebatur
844 2524 941 2590 leutio
974 2529 1005 2589 et
1040 2511 1156 2587 ἶν’νοιντἱ
1190 2528 1222 2588 et

126 2620 265 2709 duotm’,
290 2651 425 2716 quarum
447 2633 656 2715 posteriorem
678 2631 797 2715 prioris
821 2619 892 2697 esse
915 2638 1129 2697 oorreeturam
1151 2651 1222 2715 per-

125 2757 257 2805 suasum
279 2746 336 2806 est.
379 2740 523 2822 Antiqua
549 2746 581 2806 et
605 2742 746 2823 genuina
772 2741 870 2806 leotio
898 2739 960 2806 fuit
982 2729 1110 2824 tvaim,
1139 2759 1223 2822 quae

126 2868 225 2930 quum
249 2855 400 2933 corrupta
422 2849 538 2915 luisset
559 2850 594 2914 in
616 2839 742 2928 dvorut‘,
769 2850 906 2934 proclivi
929 2869 1007 2914 sane
1030 2869 1137 2915 errore
1157 2870 1224 2915 mn·

124 2963 195 3022 tata
216 2965 266 3023 est
286 2959 319 3022 in
339 2948 496 3024 ὠνοῖνε’.”
518 2960 560 3024 Vt
575 2958 749 3026 oonoedam
770 2980 837 3026 rem
860 2960 907 3024 ita
929 2979 964 3025 se
983 2959 1103 3025 habere
1125 2965 1224 3041 atque

125 3086 200 3131 eum
222 3067 261 3131 K.
285 3068 424 3134 soribam

296 3164 414 3240 dvatm’
436 3166 484 3255 dv,
509 3167 565 3254 οὓς
587 3171 725 3261 πάρεστι
747 3173 902 3263 γηραιούς
923 3180 1050 3261 θανεῖν,

124 3301 224 3366 lioeat
245 3309 331 3368 uerte
346 3323 501 3386 quaerere
520 3305 577 3388 qui
597 3325 710 3370 sensus
733 3307 881 3371 inversu
903 3313 1002 3372 restet
1023 3306 1070 3370 ita
1092 3304 1221 3387 scripto.

125 3409 289 3487 Quidnam
311 3411 426 3478 afferat
437 3414 597 3480 commodi
613 3415 677 3481 ista
691 3416 746 3480 lex
762 3415 810 3480 eis
827 3416 944 3499 quibus
967 3417 1030 3479 iam
1053 3414 1163 3479 datum
1174 3419 1223 3478 est

124 3539 221 3585 senes
243 3522 344 3586 mori?
365 3521 424 3587 sed
436 3524 605 3588 multorum
618 3525 819 3589 saeculorum
830 3523 956 3588 librarii
967 3522 1102 3607 perinde
1124 3521 1224 3588 habe-

123 3629 205 3694 bant
220 3652 238 3692 o
252 3634 284 3695 et
295 3652 321 3692 ω
333 3631 457 3698 litteras
473 3651 577 3715 neque
600 3631 722 3717 duplex
734 3633 888 3700 estleotio
911 3621 1027 3696 ἔνεικ’
1041 3638 1074 3697 et
1085 3621 1221 3695 ulvotve'.

227 3913 243 3964 6
262 3911 291 3966 si
317 3931 417 3984 negem
443 3916 607 3986 sophistices
630 3917 754 3988 argutias
778 3920 827 3971 aut
849 3915 961 3971 fabulae
980 3914 1152 3986 temporibus
1174 3920 1223 3970 aut

121 4008 242 4062 deorum
269 4011 394 4078 personis
419 4012 575 4081 convenire,
604 4011 725 4066 forsitan
743 4011 908 4082 respondeas
927 4011 1060 4082 Euripidi
1090 4009 1159 4064 talia
1191 4011 1221 4063 in

121 4103 234 4158 deliciis
252 4103 344 4159 fuisse.
370 4106 424 4162 Sed
441 4107 471 4160 in
489 4108 542 4162 hae
560 4125 659 4163 scaena
677 4111 735 4162 tam
753 4112 882 4177 apertum
900 4113 942 4162 est
960 4112 1060 4178 poetae
1078 4106 1221 4160 eonsilium

119 4204 239 4268 tamque
263 4201 390 4256 absoluta
413 4207 474 4260 arte
503 4208 532 4258 et
561 4209 725 4275 oonoeptum
752 4209 781 4259 et
803 4204 960 4274 perfeetum
982 4209 1015 4258 ut
1038 4205 1126 4272 ipsum
1151 4202 1223 4255 nihil

120 4296 236 4362 vidisse,
254 4297 308 4352 sibi
327 4297 380 4367 ipsi
398 4299 585 4369 obstrepuisse
603 4301 673 4356 mihi
692 4302 859 4371 persuadere
877 4320 934 4356 non
954 4301 1052 4371 possis.
