2842 4870
689 421 725 475 at

163 596 341 680 corrupisse
361 596 422 661 hoc
442 595 617 662 consilium.
661 585 859 661 Sententiam
880 593 1129 660 v.145·invenit
1150 592 1248 657 inter·

162 706 287 790 polator
309 704 420 771 eodem
442 704 512 771 loco
534 725 597 788 quo
617 725 764 771 versuum
780 705 848 769 141.
867 682 936 782 142,
958 702 992 767 in
1007 700 1153 767 versibus
1175 700 1247 766 dico

162 815 337 893 cao-³530,
359 814 416 879 ubi
436 814 590 880 Hercules
611 813 780 880 Admetum
795 818 900 878 monet
921 811 1021 877 luctui
1042 817 1116 876 ante
1137 809 1265 876 uxoris·

163 929 294 988 mortem
315 942 378 987 non
400 942 471 988 esse
495 923 609 1001 locum,
632 943 725 1006 quem
747 913 852 1007 ipsum
872 921 1027 987 monitum
1048 938 1086 984 eo
1108 917 1247 984 1000411-

162 1029 348 1098 ditamentis
368 1030 499 1115 dignum
519 1051 591 1098 esse
611 1031 767 1098 iudicavit
787 1036 843 1097 aut
865 1029 950 1097 idem
971 1035 1027 1095 aut
1048 1027 1130 1094 alius
1153 1027 1248 1094 inter·

162 1141 297 1224 polator.

261 1249 347 1316 Satis
369 1249 448 1316 mihi
468 1249 591 1316 dixisse
611 1249 723 1317 videor
746 1249 788 1315 ad
812 1247 1093 1317 demonstrandum
1109 1249 1248 1314 famulae

118 1399 122 1405 -
162 1357 334 1441 genuinum
374 1351 561 1444 responsum
596 1379 636 1425 ex
669 1359 815 1427 versibus
853 1360 921 1424 146.
959 1359 1018 1423 147
1056 1357 1246 1426 constitisse.

163 1465 256 1544 Quod
277 1467 306 1533 si
327 1468 374 1533 ita
392 1487 427 1534 se
454 1467 560 1551 habet,
582 1489 645 1535 non
673 1462 726 1536 'est
758 1489 813 1534 cur
844 1468 944 1534 multa
964 1467 1118 1535 faciamus
1149 1468 1248 1534 verba

164 1573 296 1641 de148.
320 1576 379 1641 149
550 1583 552 1586 ’
1073 1599 1074 1604 ’

273 1685 346 1748 ΧΟ.
369 1673 558 1772 0111100νὲ11
580 1675 664 1773 αὐτῇ
686 1678 866 1767 πράσσεται
883 1678 924 1747 τὰ
945 1676 1140 1770 caducose,-

277 1793 341 1855 ΘΕ.
363 1785 485 1874 κόσμος
506 1791 532 1874 γ’
557 1789 697 1876 ἕτοιμος,
720 1776 747 1877 ᾦ
766 1813 830 1878 σφε
852 1786 1020 1874 συνθάψει
1042 1785 1149 1868 πόσις.

260 1900 433 1966 Declarare
465 1901 565 1967 voluit
597 1901 805 1986 interpolator
825 1907 970 1966 ornatum
997 1900 1162 1967 funebrem
1183 1898 1247 1964 iam
1286 1991 1287 1994 Ἴ

162 2027 234 2074 esse
256 2017 401 2092 paratum
424 2014 519 2091 atque
533 2010 592 2074 149
608 2008 793 2090 declaravit,
816 2029 909 2092 quem
924 2028 1052 2075 versum
1070 2016 1105 2075 ut
1119 2008 1247 2074 omnino

163 2117 280 2183 inferre
319 2125 435 2202 posset,
475 2138 538 2184 non
570 2119 657 2184 omni
688 2119 880 2184 inventionis
917 2118 1070 2184 felicitate
1101 2117 1246 2184 desertus

163 2247 234 2293 eam
248 2226 341 2293 finxit
354 2227 635 2311 interrogationem
650 2248 745 2311 quam
758 2229 818 2293 148
833 2226 978 2312 legimus.
1002 2227 1081 2293 Oum
1092 2227 1241 2293 Nauokio

46 2370 48 2376 π
163 2335 341 2420 adstipuler
363 2335 482 2402 delenti
504 2337 564 2401 632

353 2433 392 2508 ori
412 2437 471 2526 γάρ
493 2466 525 2508 τι
544 2445 610 2507 τῶν
630 2445 697 2508 σῶν
718 2439 827 2533 ἐνδεὴς
847 2437 1038 2532 ταφήσεται,

163 2551 259 2618 facile
287 2551 366 2618 mihi
396 2555 484 2626 venit
513 2552 548 2618 in
576 2559 713 2619 mentem
743 2553 934 2638 coniectura,
966 2574 1038 2620 eum
1059 2554 1115 2637 qui
1135 2576 1165 2620 v.
1186 2533 1246 2618 63l

110 2645 114 2654 ¹
164 2662 384 2744 supplemento
403 2661 550 2746 indigere
572 2662 769 2728 iudicaverat
790 2663 886 2727 etiam
907 2670 1015 2728 nostro
1037 2663 1106 2729 loco
1128 2668 1247 2728 certum

164 2771 257 2853 quasi
289 2770 529 2836 fundamentum
559 2770 689 2847 ‚illarum
722 2771 914 2855 ineptiarum
946 2792 1064 2856 ponere
1100 2778 1248 2838 conatum

164 2897 243 2943 esse.
288 2863 437 2947 Fortasse
469 2880 565 2962 paulo
598 2880 714 2946 elarius
748 2879 885 2946 elucebit
905 2880 988 2946 ha'nc
1010 2878 1077 2947 rem
1098 2900 1118 2946 a
1139 2887 1248 2946 nostro

163 2985 234 3052 loco
256 2986 394 3052 alienam
416 3007 496 3071 esse,
518 2989 547 3055 si
567 2989 763 3074 reputaveris
785 2996 912 3073 poetam
933 2988 1009 3055 inde
1029 3009 1091 3055 41.
1110 2989 1168 3055 157
1192 2989 1246 3054 de·

163 3114 250 3160 mum
281 3115 363 3179 quae
394 3096 536 3163 nondum
557 3118 615 3182 per
638 3105 737 3164 totam
758 3098 868 3165 urbem
889 3105 966 3164 nota
997 3105 1086 3164 erant
1107 3117 1247 3163 narrare,

164 3203 270 3270 Unum
302 3210 401 3271 restat
432 3205 759 3272 animadvertendum.
802 3205 948 3272 Tradunt
969 3205 1102 3272 secundi
1124 3205 1248 3272 ordinis

164 3309 291 3384 codices
325 3313 384 3401 146
417 3305 600 3397 ordonatur,
632 3333 715 3396 quae
746 3313 855 3396 lectio,
887 3333 1079 3396 quamquam
1109 3314 1145 3378 P.
1177 3333 1248 3379 cum

165 3418 363 3486 Kirchhoffio
385 3429 418 3489 et
437 3423 586 3489 Nauokio
609 3443 679 3490 eam
700 3423 735 3489 in
755 3424 852 3490 imam
874 3423 1028 3507 paginam
1048 3423 1178 3506 relegat,
1199 3425 1246 3489 vi·

164 3528 257 3594 detur
278 3529 357 3595 milri
380 3537 411 3596 et
432 3530 543 3597 horum
559 3531 704 3598 codicum
719 3533 908 3598 auctoritate
931 3533 1011 3598 satis
1033 3530 1249 3598 commendari

165 3641 198 3703 et
218 3638 417 3704 auctoritatis
439 3659 510 3706 esse
524 3639 688 3706 indicium.
720 3640 901 3724 Numquam
919 3637 1086 3704 defuerunt
1108 3640 1249 3722 quicum

164 3729 364 3811 Blomfieldio
380 3739 553 3812 σώσασθαι
569 3748 602 3813 in
615 3741 781 3832 σῴζεσθαι
797 3755 969 3814 mutarent:
993 3768 1085 3814 nemo
1101 3767 1248 3831 umquam

165 3858 320 3920 mutasset
341 3848 507 3940 σῴζεσθαι
527 3857 561 3922 in
582 3848 801 3922 odoaccar.
830 3859 834 3868 '

264 4007 297 4058 14
314 4005 454 4061 Lectionis
472 4000 618 4060 σώσασθαι
642 4007 665 4060 si
689 4007 876 4062 defensionem
892 4009 1103 4078 grammaticam
1120 4008 1249 4077 requiris,¹

164 4092 249 4146 velim
276 4093 344 4148 locis
371 4105 439 4162 quos
466 4095 585 4164 protulit
602 4095 731 4149 Monkins
749 4095 817 4149 Eur.
835 4095 881 4150 01.
902 4098 961 4150 779.
989 4096 1048 4166 Iph.
1069 4095 1154 4150 Taur.
1177 4097 1245 4150 1016

164 4179 250 4234 addas
277 4181 560 4237 4114111Η41001.746
592 4177 705 4250 ἤλπισεν
730 4189 832 4236 παθεῖν
857 4185 909 4253 γᾶς
925 4177 999 4246 ἄναξ.
1018 4184 1079 4239 Η41.
1099 4186 1151 4238 432
1173 4185 1248 4242 ἐλπὶς

165 4266 192 4320 d'
211 4267 242 4320 ἔκ
258 4285 290 4337 γε
309 4271 447 4324 πλουσίων
466 4265 562 4342 δόμων
581 4273 672 4338 λαβεῖν
690 4290 714 4323 τι
732 4264 846 4330 ναύταις.
