2842 4870
670 380 762 442 dd·

139 561 284 644 'spurium
306 579 376 627 esse
399 561 581 644 suspicatus
602 566 659 640 est,
682 581 778 644 quam
793 560 1010 645 suspicionem
1030 557 1227 646 noniustam
1291 575 1333 636 eu
1346 554 1364 625 ,s

143 669 257 736 habeo:
290 669 408 736 deinde
429 669 517 753 quod
537 670 666 736 solitum
688 671 808 736 crimen
829 691 893 753 quo
917 668 1106 754 Euripidem
1127 669 1228 736 incul·
1317 679 1319 684 '

143 785 218 862 pant
237 778 297 845 hoc
320 781 390 846 loco
414 778 493 844 milri
520 780 625 846 minus
646 799 743 862 quam
764 780 929 864 plerisque
954 780 1131 863 probatur,
1158 778 1228 844 Hoc

143 889 261 954 crimen
285 889 380 971 quale
409 887 451 953 sil
476 885 584 954 verbis
613 885 825 970 Bakhuyueni
858 884 913 970 (de
935 885 1071 969 perodio
1094 886 1127 951 in
1149 905 1227 953 com.

142 996 301 1081 Aristoph.
337 997 388 1078 10)
421 995 585 1062 indicabo:
613 988 888 1080 “reprehensione
919 1015 996 1062 vero
1029 995 1147 1078 dignus
1180 1000 1230 1061 est

143 1107 278 1188 scriptor
299 1105 355 1188 qni
377 1105 447 1172 sine
468 1103 586 1170 idonea
607 1123 713 1186 cause,
736 1107 859 1170 tanturn
878 1109 912 1168 ut
929 1103 1037 1169 uerbis
1059 1103 1161 1187 ludat,
1181 1104 1228 1170 rei

142 1215 291 1297 gravitati
318 1215 494 1297 incongrue
523 1211 674 1296 proferat,
696 1217 731 1277 ut
751 1232 781 1277 v.
805 1233 832 1278 c.
857 1211 1031 1296 Euripides
1054 1213 1087 1278 in
1109 1213 1229 1279 Alcest,

141 1342 185 1388 vs.
207 1322 265 1386 521
289 1342 369 1406 sqq,
392 1322 450 1394 ubi
469 1320 635 1404 Admotus,
663 1339 836 1405 oppressus
867 1321 990 1388 scilieet
1012 1329 1044 1387 et
1065 1321 1228 1389 contectus

142 1419 260 1513 dolore,
287 1431 448 1496 subtiliter
474 1430 605 1496 disserit
632 1429 672 1496 de
695 1449 794 1496 uxore
815 1450 889 1496 mox
916 1431 1069 1520 moritura
1098 1437 1130 1496 et
1150 1430 1229 1496 Her·

141 1541 205 1607 culi
235 1540 368 1624 exponit
398 1538 566 1622 quomodo·
581 1533 670 1602 ἔστιν
695 1561 730 1602 τε
753 1529 877 1601 κούκέτ’
906 1533 1003 1604 ἔστιν.
1046 1521 1127 1605 Sunt
1149 1538 1230 1607 haec

140 1648 384 1731 παραπρίσματ’
405 1646 495 1711 ἐπῶν
514 1648 687 1731 quaeRan.
707 1648 787 1712 1443
804 1649 926 1731 carpsit
947 1649 1098 1732 comicus,
1121 1650 1230 1732 qualia

141 1757 267 1841 Agatho
289 1737 416 1839 quoque
432 1755 605 1840 adamarit,
620 1757 710 1824 ouius
725 1749 888 1840 πάρεργον
904 1751 999 1840 ἔργον
1020 1763 1129 1824 notum
1151 1747 1231 1824 est.''

141 1865 205 1932 Sed
232 1865 312 1932 haec
344 1865 405 1931 hoo
436 1865 506 1930 loco
539 1865 606 1930 siue
637 1865 749 1930 idom
775 1885 887 1948 causo,
919 1871 1040 1932 tontum
1066 1871 1102 1930 ct
1129 1866 1231 1932 aedis

141 1975 257 2040 luderet
283 1975 362 2040 mihi
385 1975 516 2040 minime
545 1975 673 2040 videtur
699 1975 871 2059 scripsisse
900 1973 1082 2059 Euripides.
1125 1975 1230 2041 Altius

140 2081 279 2166 petenda
300 2089 349 2148 est
370 2103 468 2148 causa
489 2103 546 2148 cur
567 2082 661 2147 nobis
681 2102 745 2147 non
767 2082 916 2149 omnibus
938 2085 1080 2150 numeris
1102 2084 1230 2166 placeat

140 2198 236 2274 poeta
257 2210 392 2274 magnus
423 2191 457 2256 in
478 2190 600 2273 primis.
627 2191 681 2264 ‚In
703 2188 763 2256 hac
794 2190 905 2256 fabula
931 2211 1035 2275 paene
1063 2197 1229 2275 praestan-

139 2300 266 2366 tissime
286 2300 384 2384 paulo
402 2299 520 2365 clarius
543 2305 650 2364 tamen
668 2299 773 2366 elucet
787 2318 850 2382 quo
865 2299 959 2366 modo
975 2299 1230 2368 dubitationibus
1285 2313 1288 2320 ⁴

141 2412 174 2472 et
196 2407 312 2480 incerti
334 2413 466 2472 eventus
488 2406 641 2492 periculis
662 2406 857 2474 laboraverit
877 2413 944 2472 taur
965 2428 1019 2474 ars
1042 2427 1138 2491 quam
1161 2409 1231 2474 vitu

140 2515 318 2600 Euripidis.
348 2516 474 2598 ‚Nullus
506 2516 554 2580 illi
575 2516 739 2600 Dionysus
763 2517 797 2580 in
823 2517 942 2582 somnis
968 2517 1058 2583 visus
1085 2523 1153 2588 eret
1174 2517 1231 2600 qui

140 2647 256 2694 munus
279 2629 465 2712 imponeret,
487 2627 574 2694 vitae
601 2628 688 2694 viam
709 2633 914 2695 monstraret:
934 2629 1027 2694 varia
1051 2635 1143 2695 erant
1164 2636 1231 2695 ten-

139 2736 241 2803 tanda
261 2738 448 2820 priusquam
463 2737 518 2802 ille
540 2736 680 2814 disceret
700 2756 735 2802 se
757 2741 789 2819 et
802 2737 932 2803 veritati
951 2743 983 2804 et
997 2737 1231 2821 pulchritudini

140 2851 173 2910 et
205 2865 282 2912 suae
315 2847 437 2934 gloriae
470 2847 609 2912 maxime
642 2846 762 2912 servire
791 2864 849 2929 per
870 2847 1026 2930 tragicam
1054 2847 1177 2931 poesim
1199 2853 1232 2912 et

138 2973 237 3036 posse
269 2960 301 3020 et
332 2954 459 3022 debere.
502 2955 620 3022 Verum
651 2961 683 3022 et
713 2953 882 3039 pulchrum
913 2975 1039 3039 semper
1064 2955 1231 3038 ⁴quaesivit

139 3068 173 3128 et
194 3072 323 3147 semper
342 3064 522 3146 exprimere
544 3063 677 3144 studuit,
707 3084 770 3130 non
792 3083 919 3148 semper
941 3063 1143 3148 exprimendi
1164 3085 1231 3130 mo·

139 3171 200 3240 dos
222 3178 255 3237 et
275 3174 416 3240 rationes
438 3174 533 3257 plene
554 3173 655 3240 sensit
675 3179 772 3256 atque
793 3175 968 3257 perspexit.
1010 3174 1049 3238 In
1065 3173 1231 3240 Alcestide

139 3281 320 3366 culpandus
336 3289 385 3348 est
399 3282 536 3364 fortasse
551 3281 734 3365 Euripides,
756 3288 842 3348 certe
856 3301 920 3348 non
935 3282 1125 3364 laudandus,
1143 3279 1230 3364 quod

138 3409 206 3456 una
231 3391 343 3464 fabula
368 3390 448 3458 duas
476 3411 526 3456 res
558 3391 752 3472 incongruas
784 3391 978 3474 coniungere
1011 3395 1143 3456 conatus
1166 3394 1230 3468 est,

137 3498 228 3580 quod
255 3501 406 3583 pietatem
432 3501 541 3566 uxoris
570 3499 854 3582 incomparabilem
884 3500 1050 3566 subiunxit
1079 3498 1229 3564 Herculis

137 3610 398 3691 magnanimitati
420 3614 517 3693 atque
531 3610 689 3692 ingenuae
703 3607 869 3674 hilaritati.
890 3608 960 3674 Hoc
974 3614 1090 3691 poetae
1105 3608 1230 3690 amicis,

138 3723 177 3783 ut
191 3716 270 3782 milri
284 3718 415 3801 quidem
426 3717 565 3801 videtur,
580 3724 629 3785 est
643 3717 892 3798 concedendurn,
913 3715 1101 3800 Euripidem
1116 3717 1145 3782 si
1160 3735 1231 3799 per·

138 3827 315 3911 spicientia
332 3827 527 3894 absolutiore
541 3827 706 3912 praeditus
722 3828 847 3904 fuisset,
864 3826 1008 3892 visurum
1030 3825 1131 3893 fuisse
1153 3844 1229 3890 neu-

137 3937 222 4002 trius
233 3938 282 4002 rei
298 3935 358 4003 hoc
372 3936 467 4003 modo
482 3936 613 4022 plenum
633 3936 704 4002 fieri
720 3955 817 4021 posse
831 3933 997 4002 effectum:
1012 3940 1068 4002 aut
1081 3934 1230 4000 uberiore

138 4046 326 4138 inventione
340 4046 513 4112 Alcestidis
527 4046 668 4112 fabulam
683 4046 730 4111 ita
744 4045 964 4130 expositurum
982 4044 1084 4110 fuisse
1097 4048 1133 4108 nt
1148 4043 1230 4108 risui

137 4157 297 4240 potuique
308 4157 416 4224 nullus
432 4163 517 4223 esset
526 4157 625 4239 locus,
638 4162 695 4222 aut
709 4161 808 4222 totam
822 4175 899 4239 rem,
916 4159 1079 4236 tamquam
1093 4155 1145 4220 vel
1165 4157 1231 4220 tre-

136 4266 237 4350 gioae
251 4265 303 4330 vel
328 4267 487 4350 satyricae
502 4266 593 4350 poesi
614 4266 718 4330 minus
737 4269 845 4349 aptam
865 4264 1059 4330 relicturum.
1082 4261 1149 4328 Sed
1170 4259 1229 4328 has

1018 4372 1034 4424 3
