2842 4870
728 347 764 408 60

295 522 345 590 De
367 524 547 589 271-283:
594 589 605 606 .

298 637 361 698 TP.
383 622 442 698 ούκ
464 624 526 698 οἶδ’
550 632 723 718 ἐλέγχουα·
746 626 785 700 ού
805 629 873 723 γαρ,
892 631 1037 699 ἐννέπειν
1059 632 1161 698 θέλει.

298 743 370 806 XO.
387 734 454 806 οὐδ’
478 732 649 830 ἣτιςνυλρχὴ
669 719 771 807 arderia
793 737 953 828 πημάτων
976 738 1057 828 ἔφυς

301 854 364 916 TP.
388 846 436 927 εἷς
455 843 573 916 ταύτὸν
595 847 696 937 ἥκεις·
719 847 827 918 πάντα
849 847 907 936 γὰρ
930 855 1004 939 σιγᾷ
1024 847 1112 916 τάδε.

298 961 370 1026 ΧΟ.
387 951 431 1035 ὥς
448 948 586 1023 ἀσθενεῖ
606 981 642 1023 τε
665 958 719 1022 καὶ
740 957 927 1040 κατέξανται
945 957 1052 1040 δέμας.

300 1073 361 1134 ΤΡ.
383 1069 458 1144 πῶς
479 1066 506 1130 δ’
526 1056 573 1152 ού,
595 1067 741 1151 τριταίαν
764 1054 833 1132 ούσ’
858 1050 971 1145 ύσιτος
990 1062 1129 1174 ᾑμέρανς
1230 1067 1295 1132 275

298 1178 369 1242 XO.
384 1169 529 1260 πότερον
549 1170 607 1240 ὑπ’
629 1166 717 1264 ύτης,
739 1171 760 1261 ἢ
781 1180 896 1243 θανεῖν
918 1173 1122 1262 πειρωμένης

164 1331 166 1336 -
260 1364 262 1367 Ι
301 1290 363 1351 ΤΡ.
385 1288 516 1350 θανεῖν·
540 1276 646 1352 ἀσινεῖ
668 1286 696 1351 d’
719 1282 765 1363 εἰς
787 1277 973 1355 σῖπύστασιν
994 1285 1078 1368 βίου.

298 1396 370 1459 XO.
386 1390 578 1478 θαυμαστὸν
599 1387 706 1476 εἶπας,
731 1392 760 1461 εἰ
782 1391 850 1460 τύδ’
875 1395 1002 1479 ἐξαρκεῖ
1020 1390 1128 1463 πύσει.
1176 1462 1182 1474 ,

302 1507 363 1568 ΤΡ.
386 1499 527 1586 κρύπτει
547 1501 605 1588 γὰρ
629 1499 685 1593 η’ύε
709 1505 804 1588 πῆμα
825 1495 885 1570 κού
907 1529 1007 1591 φησιν
1029 1509 1145 1572 νοσεῖν.

297 1608 402 1679 ΧΟ.ύ
426 1613 454 1678 δ’
476 1610 522 1691 εἰς
544 1609 729 1697 πρόσωπον
751 1607 790 1680 ού
811 1615 1016 1699 τεκμαίρεται
1037 1614 1170 1696 βλέπων
1177 1639 1187 1692 ,·
1231 1615 1297 1678 280

302 1727 364 1788 ΤΡ.
388 1718 528 1808 ἔκδημος
551 1717 595 1788 dv
616 1720 675 1810 γὰρ
696 1724 793 1812 τῆσδε
813 1720 959 1809 τυγχάνει
979 1720 1111 1805 χθονός.

298 1833 371 1897 XO.
388 1827 426 1897 σύ
449 1833 477 1897 δ’
501 1825 563 1898 ούκ
584 1829 721 1920 ἀνάγκην
743 1832 944 1920 προσφέρεις
966 1831 1165 1918 πειρωμένη

382 1936 480 2007 νόσον
501 1941 675 2026 πυθέσθαι
694 1943 791 2030 τῆσδε
816 1943 869 2007 καὶ
890 1937 1014 2008 πλάνον
1035 1943 1179 2029 φρενῶνς

199 2051 392 2134 Prodigiosa
427 2060 501 2118 sunt
533 2052 645 2118 horum
677 2074 828 2120 versuum
855 2052 980 2119 menda.
1022 2052 1164 2118 Primum
1194 2050 1296 2116 velim

199 2159 347 2224 conferas
369 2159 430 2224 279
453 2179 524 2224 oum
546 2161 617 2224 281.
660 2161 749 2224 Haeo
777 2179 932 2244 responsa
965 2161 1080 2225 iterum
1113 2160 1296 2241 iterumque

199 2269 342 2332 revolve:
375 2289 480 2333 nonne
513 2268 607 2334 vides
639 2268 778 2334 absurde
810 2275 842 2334 et
871 2268 1007 2334 ridicule
1036 2269 1120 2333 inter
1141 2287 1176 2334 se
1199 2283 1296 2350 repu-

200 2379 320 2460 gnare?
365 2375 466 2442 Sacra
491 2375 633 2441 faciendi
661 2396 759 2442 eausa
786 2396 921 2459 peregre
947 2377 1109 2462 profectus
1139 2384 1187 2442 est
1209 2375 1296 2442 The-

201 2504 284 2566 seus,
308 2482 394 2568 quod
416 2482 546 2548 chorum
566 2485 690 2550 nescire
712 2475 806 2548 nobis
828 2503 892 2548 non
914 2483 1010 2550 facile
1031 2484 1196 2569 fingamus.
1230 2484 1296 2548 De-

199 2594 330 2662 lendine
353 2598 426 2657 sunt
448 2592 547 2676 igitur
569 2593 640 2656 280.
663 2592 746 2657 281?
789 2591 874 2658 Sane
896 2592 1026 2658 delendi
1048 2600 1122 2659 sunt
1144 2593 1208 2678 isti,
1235 2595 1297 2662 sed

201 2722 241 2768 ne
265 2701 380 2766 deletis
403 2702 450 2766 eis
471 2701 602 2785 quidem
625 2721 676 2768 res
698 2721 778 2767 sana
796 2707 853 2768 est,
895 2702 999 2766 Etiam
1024 2703 1085 2767 279
1108 2703 1296 2768 intolerabi-

200 2811 251 2893 lis,
283 2810 348 2875 nisi
377 2810 492 2874 statuis
520 2811 675 2874 nutricem
704 2828 832 2892 quoque
854 2809 974 2876 Thesei
1001 2811 1298 2895 peregrinationem

202 2919 335 3001 nesoire,
358 2917 445 3000 quod
466 2919 546 2984 satis
568 2918 742 2985 absurdum
764 2919 816 2983 sit.
859 2917 987 2986 Deinde
1008 2920 1173 2986 275-277
1197 2941 1297 3004 quam

202 3035 270 3096 arte
292 3033 423 3093 eareant
448 3028 523 3092 nolo
551 3029 660 3094 multis
681 3026 788 3093 verbis
811 3047 989 3112 exponere:
1023 3029 1110 3111 quod
1132 3029 1198 3095 nisi
1219 3029 1296 3112 quis

202 3138 273 3222 ipse
294 3137 402 3220 sentit,
433 3136 489 3201 vix
515 3136 595 3206 mihi
622 3137 804 3203 crediderit.
848 3138 914 3204 Sed
944 3157 984 3204 ea
1014 3156 1098 3219 quae
1131 3136 1191 3203 hoo
1222 3138 1297 3206 loeo

203 3245 332 3311 chorum
354 3244 448 3311 dooet
466 3247 583 3329 nutrix,
603 3245 668 3311 iam
687 3253 784 3312 antea
803 3246 927 3312 sciebat
946 3245 1061 3311 ehorus
1083 3252 1181 3329 atque
1202 3265 1297 3330 speo-

202 3358 321 3420 tatores
344 3352 454 3419 doouit
474 3354 569 3420 bellis
590 3355 737 3421 versibus
764 3356 822 3420 135
845 3375 927 3440 sqq.:

399 3455 550 3545 τριτύταν
572 3460 608 3528 δέ
630 3487 677 3528 νιν
694 3462 781 3529 κλύω

400 3563 494 3638 τάνδε
518 3571 586 3638 κατ’
606 3563 788 3657 ύμβροσύου

401 3676 563 3766 στόματος
584 3677 706 3767 ἁμέραν

402 3785 574 3876 Δάματρος
595 3787 694 3870 α’κτᾶς
715 3793 814 3877 δέμας
835 3787 931 3878 dyada
947 3786 1060 3874 ἰ’σχειν,

400 3904 535 3988 κρυπτῷ
558 3897 663 3968 πάθει
686 3898 832 3969 θανάτου
851 3901 1014 3969 θέλουσαν

401 4009 511 4076 κέλσαι
532 4011 612 4076 ποτὶ
633 4011 735 4095 τέρμα
756 4006 921 4079 δύστανον.

304 4136 343 4202 Id
365 4137 512 4203 sufficere
534 4138 577 4216 ad
600 4138 764 4203 275-277
787 4137 986 4205 damnandos
1008 4141 1096 4221 puto.
1146 4133 1304 4217 Denique

204 4251 341 4330 apparet
363 4247 423 4311 282
444 4267 632 4331 responsum
664 4268 734 4313 esse
757 4248 799 4313 ad
821 4249 890 4312 273.
933 4245 1071 4312 Delendi
1098 4251 1172 4312 sunt
1193 4244 1300 4308 274-
