2842 4870
398 1399 611 1467 semeron
644 1399 701 1463 nu
735 1397 838 1500 urm
872 1397 964 1463 svn.

635 1578 733 1588 ...—

233 1718 337 1784 Natus
359 1739 429 1784 sum
452 1718 612 1786 lohannes
626 1718 947 1785 HenricusWheeler
961 1687 1133 1783 Aubumae
1155 1715 1228 1780 vice

134 1826 494 1895 Massachusettensium
516 1850 600 1895 anno
622 1829 652 1894 h.
668 1849 695 1895 s.
716 1829 760 1895 LI
781 1851 810 1895 a.
832 1829 862 1894 d.
883 1829 946 1893 VH
959 1827 1023 1893 kal.
1045 1825 1113 1893 Oct.
1134 1829 1226 1907 patre

139 1935 285 2001 Gilbertc
306 1942 407 2001 matre
422 1936 604 2002 Francesca
618 1958 636 2004 e
651 1943 746 2021 gente
761 1937 952 2003 Parkinscn.
984 1936 1079 2001 Patre
1105 1933 1226 2015 optimc

18 2093 19 2106 ,
136 2047 200 2110 iam
218 2045 348 2111 orbatus
369 2065 448 2111 sum.
490 2047 582 2112 Anne
599 2046 721 2112 LXVII
736 2052 886 2131 superato
909 2046 1057 2111 examine
1074 2047 1226 2126 receptus

18 2153 19 2236 j
135 2174 205 2220 sum
227 2156 311 2219 inter
329 2154 635 2222 cives-academicos
651 2156 880 2222 Universitatis
895 2153 1148 2220 HarvardIanae.
1176 2150 1227 2215 Ibi

18 2245 19 2252 ἵ
136 2282 192 2345 per
219 2269 368 2345 quattuor
397 2282 499 2329 annos
526 2270 557 2328 et
583 2265 719 2330 aliorum
742 2264 907 2330 doctorum
933 2263 1074 2328 virorum
1100 2260 1227 2327 institu-

134 2373 220 2437 ticne
244 2392 319 2438 usus
340 2392 411 2437 sum
432 2379 464 2438 et
485 2372 667 2443 Anderscni
688 2374 806 2458 Flaggi
833 2373 1004 2439 Gcodwini
1021 2369 1226 2452 Grecncughi

135 2481 227 2562 Lani,
250 2500 330 2562 quos
352 2481 519 2564 praecipui
539 2481 669 2548 hencrIs
685 2503 784 2548 causa
798 2485 937 2565 nominc,
960 2482 1081 2564 qnippe
1103 2480 1159 2562 qui
1177 2498 1227 2544 me

134 2589 176 2655 ad
204 2590 408 2672 antiquarum
434 2591 615 2656 litterarum
642 2592 749 2658 studia
775 2612 870 2674 quam
895 2591 1035 2656 maxime
1057 2588 1228 2654 excitarint

19 2739 20 2764 r
136 2706 168 2766 ct
190 2700 298 2765 atudIa
314 2717 385 2765 mea
400 2701 567 2766 coluerint.
610 2701 702 2766 Anne
718 2701 827 2768 LXXI
843 2701 1003 2786 superatis
1027 2697 1229 2766 examinibus
1328 2689 1334 2697 ’

136 2829 261 2874 summa
283 2809 474 2874 auctoritate
496 2811 716 2878 univcrsitatis
733 2811 978 2877 Harvardianae
1000 2809 1229 2874 baccalaureus

135 2919 254 2982 artium
275 2914 459 2984 declaratus
481 2938 560 2984 sum.
605 2920 666 2986 Per
685 2939 785 2986 annos
801 2921 1006 3002 insequentes
1020 2917 1121 2983 variis
1137 2937 1229 2983 occu·

135 3027 238 3110 pabar
252 3027 339 3092 curis
353 3032 386 3092 et
400 3028 540 3111 negotiis
555 3033 652 3110 atque
668 3028 865 3112 languebant
879 3027 1002 3094 studia:
1024 3048 1108 3093 anno
1122 3032 1229 3091 tamen

134 3135 256 3200 LXXV
278 3137 423 3202 collectis
455 3135 606 3202 horarum
638 3137 879 3204 subsecivarum
909 3136 1066 3202 fructibus
1096 3154 1229 3200 examen

135 3246 254 3309 iustum
268 3245 420 3327 superavi
435 3251 531 3327 atque
547 3246 738 3312 auctoritate
753 3247 974 3312 universitatis
985 3243 1229 3310 Harvardianae

134 3354 252 3417 artium
274 3355 427 3436 magIster
446 3352 627 3420 declaratus
642 3374 721 3420 sum.
765 3354 892 3420 Deinde
907 3356 1023 3421 lterum
1037 3374 1096 3437 per
1110 3373 1229 3418 annum

135 3461 333 3544 languebant
358 3462 477 3544 studia,
508 3462 566 3528 sed
595 3469 765 3529 auctumnc
793 3464 870 3529 anni
891 3462 1030 3528 LXXVI
1052 3462 1140 3526 felici
1166 3460 1229 3525 fcr-

135 3576 213 3636 tuna
233 3569 314 3634 mihi
336 3571 474 3653 contigit
494 3577 529 3635 ut
550 3593 601 3638 me
616 3571 824 3639 Baltimoram
847 3571 991 3636 conferre
1013 3589 1151 3654 possem,
1174 3570 1230 3635 ubi

134 3696 193 3760 per
214 3698 332 3742 annum
347 3679 441 3744 suavi
457 3679 688 3745 consuetudine
704 3686 801 3762 atque
823 3680 969 3746 doctrina
988 3678 1231 3761 elegantIsaima

136 3784 351 3852 Gildcrsleevi
372 3787 434 3852 viri
458 3787 629 3852 clarissimi
646 3788 767 3853 tructus
782 3807 862 3853 sum.
904 3787 1100 3853 Baltimorae
1115 3787 1230 3854 docue-

135 3899 209 3958 runt
230 3914 281 3960 mc
303 3895 401 3960 etiam
415 3895 601 3962 Laumanus
623 3903 655 3960 et
669 3895 851 3962 Whitneius
872 3897 935 3962 viri
957 3896 1108 3961 illustres.
1147 3895 1229 3960 Anc-

133 4006 244 4067 tumnc
277 4004 355 4068 anni
382 4002 539 4068 LXXVII
573 4002 718 4088 Lipsiam
754 4024 806 4070 me
844 4005 964 4070 contuli
997 4003 1054 4068 ubi
1083 4024 1141 4087 per
1172 4025 1230 4071 sex

132 4128 259 4176 menses
293 4109 420 4177 scholas
460 4111 663 4194 frequentavi
701 4111 843 4178 virorum
883 4113 1230 4197 praestantissimorum

133 4218 309 4304 Brugmani
333 4218 436 4287 Curtii
464 4220 569 4306 Lipsii
597 4219 791 4287 Windisclri.
837 4222 920 4289 Vere
949 4221 1027 4287 anni
1057 4221 1230 4291 LXXVIII
