2842 4870
663 336 696 390 61

135 503 240 588 prims
262 505 370 588 poesis
391 523 470 570 suae
492 510 598 570 aetate
613 524 653 570 ne
674 526 770 572 unum
786 507 916 589 quidem
932 508 1089 577 eiusmodi
1105 531 1230 578 versum

136 609 328 678 condidisse.
375 613 416 678 m
437 613 535 680 Wcili
557 613 708 698 rationes,
731 618 878 699 quamvis
900 626 1014 686 acutae
1038 621 1112 696 sint,
1135 621 1229 688 valde

136 719 365 804 improbabiles
387 741 459 788 esse
480 725 593 806 negari
615 745 679 790 non
702 733 816 809 potest.

583 937 780 947 ——-———

235 1035 283 1101 De
308 1036 534 1102 1038-1050:

179 1169 251 1233 ΘΗ.
273 1154 324 1252 ἆρ’
348 1161 406 1233 οὐκ
429 1165 558 1255 ἐπῳδὸς
579 1170 633 1234 καὶ
654 1164 730 1255 γόης
752 1170 871 1257 πέφυχ’
896 1164 961 1250 dds,

276 1269 312 1354 ὃς
335 1277 393 1364 τὴν
415 1275 493 1364 ε’μην
515 1277 683 1344 πέποιθεν
704 1271 878 1366 εὖορκησίηι

275 1385 386 1471 ψυχήν
405 1384 575 1478 κρατήσειν
595 1385 652 1453 τὸν
674 1383 797 1454 τεκόντ’
820 1379 996 1471 ἆτιμάσας;
1149 1395 1228 1459 1040

188 1499 249 1561 Ill.
271 1496 324 1560 καὶ
346 1495 406 1561 σοῦ
427 1519 462 1580 γε
483 1491 585 1580 κάρτα
605 1499 707 1562 ταῦτα
728 1491 897 1580 θαυμάζω,
922 1492 1044 1580 πάτερ·

276 1601 305 1669 εἰ
322 1601 381 1689 γὰρ
404 1602 444 1672 cd
464 1606 524 1689 μὲν
546 1611 626 1683 παῖς
647 1593 735 1694 ἦσθ’,
760 1602 821 1690 ἐγώ
842 1605 878 1671 δὲ
899 1600 958 1682 σὸς
982 1602 1098 1696 πατήρ,

161 1719 167 1732 “
277 1709 403 1778 ἐντεινα
423 1713 476 1778 τοί
497 1716 526 1779 o'
548 1707 587 1778 δν
609 1707 669 1778 καί
690 1717 808 1800 φυγαῖς
830 1713 987 1799 ἐζημίουν,

276 1815 370 1908 εἴπερ
394 1819 542 1908 γυναικὸς
563 1813 676 1909 ἠξίουν
697 1822 726 1888 σ’
750 1821 829 1908 ἐμῆς
849 1827 966 1907 θιγεῖν.

179 1932 252 1995 ΘΗ.
276 1925 321 2007 og
342 1922 432 2013 δίξιυν
453 1927 523 1998 τόδ’
548 1923 658 2010 εἶπας·
682 1924 745 2013 οὐχ
766 1928 853 1998 οὕτω
876 1936 983 2012 dorsi,
1146 1937 1228 2001 1045

276 2034 389 2124 ὥσπερ
410 2037 450 2106 οὐ
472 2044 580 2127 σαυτῷ
602 2035 697 2106 τόνδε
719 2035 915 2126 προύθηκας
934 2035 1049 2125 νόμον·

274 2145 371 2230 ταχύς
392 2145 450 2234 γὰρ
467 2147 585 2236 Ἅιδης
605 2153 724 2240 ῥᾷστος
745 2141 839 2234 οἷνδρί
860 2151 1028 2236 δυσσεβεῖ·

274 2250 342 2323 ἄλλ’
364 2259 399 2324 ἐκ
421 2254 576 2346 πατρῴας
596 2259 700 2348 φυγὰς
720 2251 886 2346 ἀλητεύων
905 2256 1029 2341 χθονὸς

276 2366 366 2453 ξένην
388 2367 438 2433 ἐπ’
461 2361 539 2433 αἶαν
556 2365 682 2453 λοπρδν
703 2362 869 2456 οἷντλησεις
889 2357 978 2450 βίον·

274 2473 399 2561 μισθὸς
419 2473 478 2563 γὰρ
500 2464 596 2556 οὗτός
618 2477 704 2544 ἐστιν
725 2470 818 2560 ἀνδρί
831 2478 993 2561 δυσσεβεῖ.
1053 2537 1060 2554 ,
1145 2482 1226 2547 1050

22 2611 23 2672 l
135 2621 302 2708 Scriptura
333 2615 508 2710 εὖορκησίη
533 2625 611 2688 1039
634 2632 667 2690 et
697 2623 844 2689 codicum
876 2624 1065 2689 auctoritate
1097 2631 1130 2689 et
1151 2644 1226 2689 con·

134 2737 239 2796 textus
262 2725 453 2799 necessitate
475 2735 554 2799 satis
577 2733 859 2799 commendatore.
893 2731 975 2813 lure,
992 2738 1077 2815 puto,
1092 2732 1251 2799 offendit

134 2839 173 2902 N.
190 2840 227 2903 E.
244 2839 273 2904 S.
290 2841 330 2904 ΙΙ.
346 2842 386 2905 41
410 2841 443 2906 in
466 2834 511 2917 ὡς
532 2829 623 2921 δξιον
648 2841 738 2906 1045.
782 2840 868 2906 Satis
902 2847 979 2926 apta
1001 2839 1080 2906 mihi
1101 2841 1228 2908 videtur

134 2969 204 3014 esse
227 2949 352 3016 medela
374 2951 402 3016 si
424 2951 592 3018 scribimus
615 2945 660 3028 ιῦς
681 2944 788 3032 ἀξιῶν,
812 2958 909 3034 atque
938 2950 999 3016 hoc
1023 2972 1133 3017 verum
1155 2973 1226 3020 esse

134 3057 266 3124 confido.
309 3059 414 3141 Atque
435 3067 470 3125 tu
493 3060 522 3125 si
543 3079 652 3125 verum
675 3079 745 3124 esse
768 3059 933 3142 concedes,
956 3062 1138 3126 necessario
1161 3083 1227 3128 me-

134 3187 205 3232 cum
227 3167 406 3233 consenties
429 3168 565 3232 otiosum
588 3189 617 3234 v.
634 3170 715 3232 1046
737 3169 865 3234 tolerari
888 3187 952 3233 non
974 3188 1079 3253 posse.
1115 3171 1226 3236 Facile

134 3274 276 3340 conicias
299 3275 559 3358 interpolatorem
580 3275 830 3358 explicationem
862 3274 1009 3343 adverbii
1036 3271 1122 3342 odem
1153 3299 1225 3345 con·
1330 3348 1335 3358 ,

23 3381 24 3402 i
133 3384 292 3449 ficientem
313 3385 378 3449 iam
398 3374 489 3465 ἄξιον
511 3405 568 3470 pro
593 3375 692 3465 ἀξιῶν
718 3386 846 3470 legisse.
889 3387 992 3452 Versu
1019 3387 1226 3471 praecedenti

135 3494 215 3556 1044
238 3494 402 3578 antiquam
417 3514 488 3560 esse
503 3495 645 3560 Palatini
673 3494 840 3560 lectionem
863 3486 972 3582 ἠξίουν
987 3494 1016 3559 o'
1035 3517 1092 3580 pro
1117 3487 1226 3580 ἠξίους

134 3601 213 3666 mihi
237 3603 410 3687 persuadet
431 3623 501 3668 cum
524 3610 703 3687 temporum
725 3604 808 3668 ratio
830 3611 896 3669 tum
912 3605 1009 3671 totius
1024 3605 1087 3672 loci
1101 3626 1225 3672 sensus.

132 3709 197 3776 Sed
220 3719 254 3776 ut
277 3711 336 3777 hoc
350 3713 520 3793 mittamus,
536 3734 663 3780 versum
678 3714 822 3798 spurium
845 3715 1082 3800 essesuspicor,
1103 3715 1223 3800 quippe

230 3938 264 3990 33
292 3937 387 4005 Neque
403 3935 588 4008 Euripideum
606 3955 664 3993 esse
683 3934 830 4010 εὖοργησία
847 3938 935 3993 vincit
952 3937 1052 3994 Bacch.
1071 3939 1135 3993 641:
1156 3934 1225 4008 πρὸς

131 4033 222 4104 σοφοῦ
239 4029 293 4104 γὰρ
316 4029 416 4103 ἀνδρὸς
440 4031 536 4090 ἀσκεῖν
559 4031 682 4108 σώφρον’
704 4032 878 4106 εὐοργησίανι
898 4053 964 4090 uam
982 4036 1092 4106 spurius
1111 4038 1152 4089 est
1171 4035 1223 4088 iste

133 4145 237 4183 versus.
275 4129 337 4185 Non
365 4136 426 4186 erat
444 4133 568 4189 Bacchus
587 4129 668 4205 ἀνήρε
693 4139 777 4205 etque
794 4151 924 4205 perverse
942 4134 1119 4188 intellexerat
1137 4133 1222 4187 iuter·

134 4227 245 4298 potator
263 4229 349 4284 verba
369 4231 435 4286 640:
456 4232 556 4303 ῥᾳδίως
573 4229 626 4305 γὰρ
645 4229 728 4288 αὐτὸν
745 4239 820 4287 οἴου.
