2842 4870
727 345 762 406 66

199 525 263 595 stat
283 517 343 596 hoc
364 519 518 605 scholion,
542 522 629 608 quod
637 523 782 596 Thomas
799 523 954 608 Magistro
976 520 1134 596 adscribit
1152 519 1291 592 Diodor-

197 635 273 712 lius:
298 629 416 708 ἔκαιεν
436 629 483 711 εἰς
504 628 543 700 τὸ
564 627 748 716 κακόζηλον,
774 626 856 714 ὅπερ
872 631 1056 714 κακίζοααιν
1077 626 1109 698 ci
1130 623 1291 714 ὀβελίζαν-

196 765 260 821 τες.
311 745 373 820 His
404 735 605 826 ὄβαλίζαααιν
634 744 822 829 adstipulcr.
865 741 1005 822 Quinam
1036 742 1157 812 fuerint
1187 744 1291 810 nesci·

197 873 286 926 mus:
309 852 397 922 docti
418 855 491 938 viri,
514 856 570 937 qui
592 856 729 924 fortasse
750 875 817 920 rem
840 854 1003 920 illustrare
1016 853 1206 937 potuissent,
1225 854 1290 936 ple·

197 982 332 1044 rumque
353 962 509 1036 Thomam
543 965 774 1049 spreveruntu.
819 962 884 1029 Sed
910 963 1073 1046 vituperat
1102 963 1199 1029 istum
1220 983 1291 1029 vcr-

198 1091 269 1138 sum
297 1057 716 1155 Hermogenes100.indic
746 1077 876 1155 propter
904 1064 942 1138 τὰ
970 1065 1160 1154 κακόζηλονε
1193 1069 1291 1135 facile

197 1181 298 1263 igitur
319 1181 515 1248 coniciamus
534 1199 680 1263 eosquos
694 1187 848 1248 memorat
860 1179 1000 1247 Thomas
1012 1180 1167 1263 Magister
1183 1167 1291 1258 osiu-

199 1287 310 1370 ζαναας
332 1294 407 1360 ante
420 1289 632 1371 Hermogenis
655 1294 801 1372 tempora
815 1287 972 1356 floruisse.
1016 1289 1121 1372 Atque
1143 1288 1172 1354 si
1194 1307 1291 1370 quae

197 1399 297 1470 rimus
326 1417 406 1480 quos
434 1399 589 1479 cuiusque
622 1399 750 1482 generis
782 1399 887 1465 fontes
919 1405 1054 1480 uterque
1076 1399 1213 1484 scriptor
1234 1397 1291 1464 ad-

197 1507 310 1580 hibere
329 1508 478 1590 potuerit,
499 1507 667 1580 uessicam
686 1507 812 1590 opinari
831 1508 929 1576 liceat
948 1525 1076 1574 versum
1091 1513 1126 1574 ut
1146 1508 1292 1591 spurium

183 1637 219 1685 ‘a
239 1617 457 1700 grammaticis
480 1616 609 1709 scholae
631 1617 870 1688 Alexandrinae
892 1625 1035 1687 notatum
1057 1619 1167 1687 fuisse.
1218 1617 1232 1670 '-

585 2025 839 2081 APPENDIOVLA
860 2027 897 2078 Π.

298 2189 335 2261 ln
368 2188 585 2272 disputatione
607 2190 647 2255 de
675 2191 740 2260 Alc.
763 2193 834 2258 526.
857 2192 918 2256 527
940 2189 1009 2259 dixi
1029 2188 1289 2256 interiectionem

200 2289 302 2367 huno
325 2297 389 2382 legi
412 2299 490 2378 loeo,
523 2320 616 2381 quem
643 2300 785 2385 spurium
815 2321 886 2369 csse
909 2301 1099 2383 suspicarer.
1144 2299 1175 2366 Is
1198 2299 1289 2370 locus

200 2415 249 2474 est
270 2408 417 2476 Herculis
437 2429 466 2475 v.
490 2409 669 2474 629-636:
957 2424 961 2432 ·

355 2519 368 2549 ἲ

347 2552 382 2596 α.

347 2643 408 2708 αἵδ’
433 2637 495 2710 οὐκ
518 2635 660 2728 ἀφιᾶσιν,
684 2634 752 2712 ἀλλ’
776 2633 980 2712 &tuncorsos
1002 2639 1141 2706 πέπλων

347 2752 472 2837 τοσῷδε
496 2751 631 2834 μᾶλλον·
655 2737 712 2818 ὧδ’
736 2749 822 2836 ἔβητ’
846 2747 903 2818 ἐπὶ
926 2751 1045 2832 ξαραῦ,·
1226 2751 1293 2816 630

347 2851 414 2942 ἔξω
436 2855 544 2942 λαβών
564 2884 599 2945 γε
621 2856 728 2926 τούσδ’
754 2859 927 2946 ἐφολκίδας
947 2863 1064 2941 χεροῖν,

348 2973 427 3047 ναῦς
447 2972 475 3034 δ’
499 2961 546 3048 ὣς
567 2969 708 3057 ἐφέλξω·
731 2969 784 3035 καὶ
805 2965 864 3062 γὰρ
886 2962 944 3038 οὐκ
966 2960 1135 3050 ἀναίνομαι

347 3071 544 3160 θεράπευμα
564 3076 692 3142 τέκνων.
715 3072 821 3142 πάντα
834 3071 1044 3160 τάνθρώπων
1058 3069 1129 3143 ἴσα·

347 3187 480 3273 φιλοῦσι
503 3186 624 3262 παῖδας
645 3185 680 3250 αἵ
697 3186 724 3248 τ’
745 3176 912 3269 ἀμείνονες
932 3185 1063 3268 βροτῶν
1156 3227 1164 3236 ·

242 3293 249 3306 ⁸
349 3294 383 3359 οἵ
403 3293 432 3359 τ’
455 3286 548 3360 οὐδὲν
568 3284 673 3371 ὄντες·
695 3289 854 3380 χρήμασιν
875 3293 910 3358 δὲ
933 3289 1101 3381 διάφοροι·
1227 3297 1289 3359 635

349 3401 485 3484 ἔχουσιν,
510 3398 547 3469 οἳ
564 3403 592 3468 δ’
616 3394 669 3468 οὕ·
692 3405 759 3468 πᾶν
780 3404 818 3469 δὲ
835 3400 1027 3490 φιλότεκνον
1048 3404 1146 3488 γένος.
1238 3391 1241 3400 ’

300 3548 431 3618 Ocnieio
458 3550 516 3614 hos
536 3568 645 3615 versus
667 3549 708 3614 ab
730 3549 885 3615 histrione
907 3547 1043 3640 quodam
1066 3547 1157 3614 fictos
1179 3547 1290 3630 fuisse,

201 3658 256 3748 qui
286 3659 348 3726 hcc¹
378 3659 447 3724 loco
480 3659 660 3726 scaenicam
684 3659 927 3730 ostentationem
960 3658 1069 3742 paullo
1101 3656 1289 3740 ampliorem

200 3788 314 3852 parare
346 3770 450 3841 uellet.
494 3760 656 3846 Quosnam
689 3768 795 3836 herois
827 3788 932 3838 mores
969 3766 1118 3838 studebat
1150 3765 1289 3850 scriptor

200 3876 400 3960 exprimere?
437 3877 481 3942 Ut
503 3876 638 3959 videtur,
661 3876 881 3959 garrulitatem
904 3878 1004 3960 patris
1030 3875 1178 3941 familias.
1223 3875 1290 3940 Sed

201 3992 235 4048 ut
250 3985 421 4050 concedam
442 3991 570 4068 poetam
592 3984 626 4049 id
648 3985 707 4050 hoc
729 3985 801 4050 loco
814 3985 897 4050 hene
910 3984 1016 4051 facere
1037 3983 1192 4068 potuisse,
1213 4003 1289 4048 num

299 4245 334 4297 35
353 4243 393 4298 Of.
413 4261 436 4298 e.
454 4262 480 4314 g.
498 4243 689 4300 Wilamowitz.
709 4244 779 4314 disp.
799 4243 834 4298 de
852 4243 936 4301 Rhesi
954 4218 1074 4315 scholiis,
1093 4246 1117 4299 7.
