2842 4870
726 309 826 387 rc'

196 505 311 573 Exstat
338 525 415 573 sane
446 507 480 572 in
510 505 604 573 libris
631 508 749 573 nostris
779 507 882 573 forma
912 495 1047 592 ὄπωπ’,
1070 506 1128 576 sed
1160 508 1290 577 videtur

194 618 327 684 alterius
350 618 463 684 classis
481 617 627 683 codicum
643 617 842 702 archetypon
866 623 988 684 rectum
1010 617 1290 686 habuisseacoen-

193 734 269 793 tum.
313 726 440 792 Deinde
466 732 538 810 post
566 727 672 810 prima
698 726 794 791 initia
818 726 944 792 scholia
971 728 1196 794 conscribendi
1226 748 1289 793 nou

193 838 290 902 facile
317 837 469 901 mutaturi
499 841 590 902 erant
614 835 741 905 librarii
769 825 887 901 ὄπωπ’
912 840 945 904 in
968 827 1095 918 ὄπωπ’,
1127 860 1232 905 rarum
1254 839 1288 904 id

193 947 327 1014 verbum
341 936 563 1040 Homericum.
607 945 673 1012 Sed
702 946 800 1012 etiam
834 948 867 1011 in
895 948 1082 1031 pronomine
1113 967 1211 1031 grave
1241 953 1290 1014 est

195 1059 278 1123 inter
301 1050 361 1134 οὕς
376 1062 408 1122 et
423 1045 476 1132 οἷς
490 1055 672 1122 discrimen.
715 1036 885 1134 Praedam,
907 1061 995 1140 puto,
1018 1057 1151 1122 alterins
1174 1057 1289 1122 elassis

193 1167 282 1232 libri·
292 1167 457 1249 antiquam
478 1166 580 1249 spurii
599 1185 712 1231 versus
734 1145 882 1230 formam:
905 1172 1013 1231 cetera
1031 1184 1114 1248 quae
1134 1164 1290 1232 habemns

195 1276 338 1359 ineptiae
370 1280 443 1341 sunt
485 1274 737 1357 magistellorum
779 1274 876 1339 nimis
919 1279 1059 1357 argutae.
1111 1272 1289 1352 Quominus

193 1386 351 1452 librorum
362 1383 458 1449 tidem
472 1391 605 1468 propter
615 1385 834 1450 accusativum
847 1376 1003 1468 γηραιούς
1025 1383 1194 1467 impugnes
1217 1403 1289 1467 pro-

193 1493 284 1558 hibet
319 1494 465 1558 clausula
496 1498 617 1557 mutato
648 1512 725 1558 casu
752 1492 943 1576 interposita
972 1480 1024 1568 οἷς
1045 1484 1190 1573 πάρεστι,
1225 1511 1290 1575 qua

192 1603 347 1667 minuitur
372 1602 423 1667 vis
453 1601 654 1666 attractionis
683 1602 922 1684 grammaticae.
966 1599 1115 1666 Ceterum
1137 1601 1177 1666 cf.
1198 1601 1288 1666 Anti·
1313 1645 1317 1649 -

190 1710 286 1795 pban.
309 1711 346 1776 fr.
371 1711 441 1794 122,
462 1712 490 1774 5,
513 1709 616 1791 (Gom.
641 1709 781 1776 Meinek.
803 1716 824 1775 t.
847 1710 898 1774 HI
920 1731 950 1795 p.
968 1708 1033 1793 66.)

291 2056 404 2139 Neque
431 2055 702 2121 oratiuncularnm
727 2073 757 2118 v.
781 2053 906 2118 64-76
927 2054 1045 2136 quibus
1073 2052 1108 2119 di
1130 2072 1148 2118 e
1169 2071 1287 2118 scaena
1412 2043 1413 2068 ³

192 2166 385 2232 decedentes
418 2171 552 2246 uterque
584 2183 676 2229 suam
703 2149 793 2246 spem
823 2169 855 2227 et
883 2164 1080 2228 voluntatem
1113 2160 1287 2253 declarant,

191 2273 360 2359 pristinam
393 2272 576 2356 accepimus
591 2271 737 2337 formam.
778 2269 898 2335 Versus
921 2269 1155 2335 intolerabiles:

234 2398 274 2463 70
339 2385 435 2461 nodd’
460 2391 479 2484 ἡ
500 2394 577 2480 παρ’
600 2390 699 2484 ἡμῶν
713 2417 768 2460 σοι
789 2387 957 2480 γενήσεται
977 2387 1077 2478 χάρις,

340 2499 474 2589 δράσεις
494 2503 530 2570 θ’
554 2499 678 2587 ὁμοίως
697 2506 799 2588 ταῦτ’,
821 2495 1007 2592 ἅπεχθήσει
1028 2501 1055 2566 τ’
1080 2500 1154 2583 ἐμοὶ

191 2634 287 2699 eiecit
301 2633 340 2698 D.
363 2633 422 2700 sed
436 2635 546 2700 nescio
561 2653 603 2700 an
617 2632 734 2699 menda
748 2633 805 2698 vix
824 2632 948 2698 minora
970 2631 1099 2696 criticos
1121 2629 1283 2696 latuerint

191 2743 304 2808 Nonne
328 2762 455 2808 mecum·
474 2743 635 2809 consentis
658 2741 876 2826 ineptissimos
900 2759 971 2806 essa
994 2739 1044 2804 66.
1066 2739 1106 2802 67

221 2882 225 2893 “
340 2858 539 2950 Εὐρυσθέως
562 2865 758 2950 πέμψαντος
777 2865 916 2931 ἵππειον
937 2863 1019 2946 μέτα

315 3067 318 3078 Ι
340 2965 447 3062 ὄχημα
471 2971 598 3064 Θρῄκης
619 2975 654 3041 ἐκ
675 2969 790 3040 τόπων
810 2971 1051 3056 δυσχειμέρωνῖ

191 3104 269 3169 Plus
283 3103 415 3170 terroris
437 3102 583 3168 obscuris
608 3101 705 3166 minis
730 3100 836 3166 inesse
857 3121 922 3166 non
945 3098 1067 3164 inscius
1083 3104 1152 3162 erat
1168 3097 1283 3181 Apollo
1411 3177 1412 3186 ἵ

190 3231 294 3296 nequo
316 3212 422 3277 minus
445 3211 605 3276 intellexit
625 3210 808 3294 Euripides,
830 3210 887 3293 qui
911 3209 959 3274 sic
981 3206 1113 3290 scripsit

339 3321 360 3424 ἦ
380 3329 444 3423 μὴν
463 3330 502 3400 cd
525 3332 633 3401 πείσει
658 3333 777 3418 καίπερ
801 3324 891 3416 ciple
913 3326 959 3398 ὢν
979 3321 1072 3416 dyas·

234 3446 273 3510 65
339 3447 431 3522 τοῖος
454 3444 598 3529 Φέρητος
620 3435 681 3510 εἶσι
705 3439 791 3527 πρὸς
811 3438 934 3524 δόμους
955 3432 1046 3530 dado.

291 3571 367 3636 Noli
388 3574 560 3656 neglegere
578 3570 693 3637 borum
714 3590 863 3637 nemunm
882 3565 1072 3653 asyndeton,
1095 3567 1183 3650 qnod
1206 3566 1285 3632 mihi

192 3681 322 3763 quidem
345 3680 500 3748 indicium
529 3701 600 3748 esse
622 3681 751 3747 videtur
771 3679 850 3764 quid
872 3678 1010 3745 voluerit
1030 3675 1159 3743 efficere
1180 3683 1285 3761 poeta.

190 3791 324 3856 Hiscine
350 3788 432 3857 bene
456 3792 637 3858 continuari
663 3795 758 3874 putas
788 3789 866 3855 istos
892 3807 1005 3854 versus
1028 3786 1085 3871 qni
1112 3785 1209 3869 plane
1231 3785 1285 3851 de·

192 3900 315 3964 clarant
342 3899 491 3981 quisnam
512 3901 555 3965 sit
577 3900 632 3965 ille
654 3899 706 3965 vir
726 3896 902 3964 terribilini
945 3896 996 3962 An
1016 3898 1183 3963 existimas
1205 3897 1284 3963 Her·

192 4008 295 4074 aulem
316 4008 398 4074 bene
423 4014 455 4074 ct
476 4009 639 4092 eleganter
660 4027 718 4092 per
743 4008 807 4072 ista
831 4005 933 4072 verba
954 4005 1129 4089 designari,
1156 4007 1284 4072 nomine

191 4136 254 4182 uon
276 4115 426 4183 adiecto?
471 4118 511 4182 At
540 4117 568 4182 si
594 4115 727 4200 genuini
750 4121 825 4181 sunt
845 4116 895 4181 66.
917 4115 967 4198 67,
994 4115 1084 4181 nulla
1112 4119 1162 4180 est
1187 4132 1286 4180 causa

192 4246 249 4292 cnr
278 4248 342 4293 non
374 4226 535 4292 adiectum
569 4226 667 4292 fuerit
701 4244 827 4292 nornen.
889 4223 993 4306 Atque
1028 4223 1101 4307 ipsa
1132 4241 1283 4322 versuum
