2842 4870
671 325 706 380 59

141 499 241 566 Missa
262 499 440 584 scripturae
461 501 619 567 varietate
650 499 731 566 haee
758 500 824 565 fere
845 495 941 564 lectio
970 516 1121 563 versuum
1142 515 1159 560 e
1183 513 1233 560 αα

142 609 268 677 dieibus
311 617 360 676 eet
384 610 534 676 eruenda.
581 609 765 676 Scholiasta
796 607 839 674 ad
872 607 933 672 670
968 604 1101 690 praebet
1135 603 1262 692 ηκτοιἱ

130 717 211 814 ιτίνα
235 719 311 784 νῦν·
333 716 482 784 τουτέστι
513 721 587 796 πῶς
618 718 694 784 καθ’
723 715 859 782 ἕκαστον
891 708 1012 798 δεσμὸν
1044 711 1235 798 κατηγορίας

140 820 381 912 ἄπολυσόμεθα
402 823 443 893 τὰ
465 822 647 913 ἐγκλήματα
668 830 731 892 τοῦ
750 818 962 906 Ἱππολύτου,
984 823 1159 910 σφαλεῖσαν
1178 829 1235 908 τῆς

141 936 283 1022 ἐλπίδος,
303 936 343 1003 δι’
366 923 404 1024 ἧς
425 939 680 1021 προσεδοκῶμεν
703 941 817 1003 πεῖσαι
845 927 944 1002 αὐτὸν
966 933 1023 1000 ἐπὶ
1047 929 1108 1018 τήν
1131 928 1234 1015 ἆμαρ·
1265 935 1267 938 ’

139 1043 220 1112 τίαν.
266 1047 351 1114 Num
382 1055 469 1114 reete
501 1049 650 1115 statuerit
673 1048 723 1114 W.
737 1047 775 1112 Α.
790 1048 827 1112 Ε.
842 1048 903 1111 210
926 1065 999 1111 eum
1028 1043 1234 1110 seholiaetam

140 1156 299 1240 integrum
321 1158 439 1244 legisse
461 1159 575 1242 locum,
607 1157 733 1225 dubito:
771 1156 876 1222 minue
911 1162 1094 1240 corruptum
1126 1160 1234 1219 tamen

140 1285 212 1332 eum
233 1267 352 1352 legisse
373 1286 471 1351 quam
492 1287 550 1334 nos
572 1255 709 1352 legimus
731 1285 920 1351 persuasum
935 1265 1048 1332 habeo.
1067 1265 1234 1348 ‘Prepeno

139 1376 361 1443 scribendum:
573 1363 577 1370 ’

378 1483 437 1548 τίν’
460 1471 505 1548 ου’
524 1491 579 1549 νῦν
599 1483 711 1564 τέχναν
734 1480 859 1566 ἔχομεν,
882 1481 1015 1558 ἐλπίδος

379 1593 556 1678 σφαλεῖσαν
577 1587 738 1676 κάθαμμα
758 1587 867 1658 λύσειν
887 1587 1001 1676 λόγους

137 1718 197 1783 τίν’
220 1707 260 1784 αὖ
281 1740 340 1805 pro
362 1718 443 1799 τίνα,
465 1721 504 1786 Ν.
526 1721 562 1785 Ε.
585 1719 618 1786 S.
641 1721 682 1786 ΙΙ.
706 1721 755 1784 28.

585 1915 783 1924 *—

238 1999 288 2064 De
309 2020 338 2066 v.
355 1999 426 2064 867.
449 2000 525 2081 868;

658 2107 731 2193 ἐμοὶ
751 2108 811 2191 μὲν
834 2093 891 2173 οὖν

237 2207 370 2299 ἅβίοτος
390 2217 464 2298 βίου
486 2211 569 2298 τύχα
591 2214 676 2300 πρὸς
696 2213 734 2282 τὸ
758 2215 900 2301 κρανθὲν
921 2210 971 2300 εἴη
993 2216 1108 2294 τυχεῖν.

139 2343 283 2428 Simplex
304 2350 353 2410 est
373 2343 500 2410 medela
521 2351 768 2429 aptaqueputo,
791 2345 818 2410 si
841 2363 900 2428 pro
921 2335 971 2425 εἴη
993 2339 1108 2406 scribis
1132 2333 1233 2404 ἔσται.

141 2451 284 2530 Quodsi
306 2473 417 2520 verum
437 2453 657 2537 est,0mnib11s
677 2452 811 2518 eeheliie
825 2450 982 2518 vetustius
1004 2456 1054 2516 est
1073 2446 1231 2514 mendum.

586 2641 784 2650 *an—.—

236 2774 287 2839 De
308 2794 338 2839 v.
360 2774 547 2839 948—955:

278 2894 319 2964 συ
342 2893 383 2985 δή
403 2903 535 2982 θεοῖσιν
557 2893 603 2977 ῶς
622 2894 781 2984 περισσὸς
802 2892 848 2964 ῶν
869 2891 948 2986 ἀνὴρ

279 3001 390 3089 ξύνεις
412 3004 453 3074 οὐ
478 3002 622 3096 σώφρων
643 3008 697 3073 καὶ
717 3011 824 3072 κακῶν
844 3002 1005 3094 ἀκήρατος
1012 3035 1022 3086 ,·

279 3109 337 3183 οὐκ
360 3112 400 3182 iv
421 3117 586 3205 πιθοίμην
605 3123 695 3187 τοῖσι
717 3123 790 3197 σοῖς
809 3113 954 3202 κόμποις
975 3111 1059 3206 ε’γῶΙ
1170 3115 1232 3179 950

279 3230 392 3293 θεοῖσι
414 3229 579 3311 προσθείς
600 3221 747 3313 ἀμαθίαν
768 3231 903 3316 φρονεῖν
925 3227 1040 3304 κακῶς.

279 3324 340 3423 ἤδη
362 3360 417 3400 νυν
438 3327 527 3419 αἷίχει
549 3339 601 3403 καί
626 3338 667 3405 δι’
691 3331 824 3424 οίφύχου
846 3339 949 3422 βορᾶς

278 3441 381 3520 σίτοις
402 3439 567 3532 καπηλεῶ,
591 3437 707 3532 Ὀρφέα
727 3445 755 3510 τ’
776 3435 884 3510 ἄνακτ’
898 3442 991 3527 ,ἔχων

277 3545 413 3632 βάκχευε
435 3553 568 3618 πολλῶν
589 3550 785 3640 γραμμάτων
805 3557 909 3639 τιμῶν
927 3549 1089 3634 καπνούς·

278 3658 353 3725 ε’πεί
372 3663 399 3746 γ’
424 3657 581 3751 ἐλήφθης.
1169 3667 1230 3730 955

135 3793 317 3862 Amovendi
339 3784 413 3865 sumt
433 3801 608 3866 951-954.
643 3801 798 3886 Apertum
821 3810 871 3870 est
891 3800 950 3867 hes
968 3821 1080 3868 versus
1094 3807 1230 3867 structu·

136 3923 207 3970 ram
230 3904 367 3989 turbere,
398 3927 473 3973 nem
495 3909 591 3974 verba
613 3906 687 3972 ἕποι’
708 3908 734 3993 γ’
757 3904 908 3996 ἐλήφθης
942 3929 1072 3977 neeesse
1104 3915 1153 3975 esi
1187 3909 1231 3974 ad

138 4013 200 4078 950
222 4012 409 4081 referamus.
451 4015 614 4100 Mysteriie
642 4038 720 4084 sene
746 4019 892 4085 initiatus
921 4026 990 4086 erat
1017 4019 1230 4103 Hippolytus:

136 4121 271 4188 multum
299 4129 405 4189 temen
435 4123 568 4191 interest
600 4126 682 4190 inter
712 4126 976 4194 consuetudinem
1007 4147 1079 4194 eum
1116 4126 1167 4193 dis
1197 4134 1229 4193 et

137 4231 361 4314 mysteriorum
383 4235 577 4318 societatem,
599 4253 704 4319 neque
725 4233 778 4302 hie
800 4234 917 4303 idoneo
938 4255 1023 4304 nexu
1039 4235 1228 4306 eoniunetae
