2842 4870
739 383 774 434 22

215 550 377 617 notatione
398 551 506 616 ordiar
527 550 582 633 qui
604 551 640 638 Ε.
655 550 687 616 S.
703 550 744 616 II.
760 551 800 614 53
824 551 874 616 his
896 551 1001 617 verbis
1023 551 1127 616 looum
1155 549 1295 636 expliea-

214 660 282 724 bat:
304 661 414 724 ninrnt
433 679 508 724 enon
522 659 588 724 dies
606 659 683 724 oties
696 680 881 738 nnsnrnnen
895 681 929 726 so
951 661 1056 741 ottirfte
1070 661 1120 725 die
1133 659 1298 724 Annobnre

214 767 298 832 nient
311 766 607 833 nnnotnsoteinliob
620 770 786 846 sein‚·doss
800 770 834 834 in
849 769 903 834 der
917 767 1175 851 nnspn'o'nytioben
1186 768 1297 833 Hand-

213 875 322 957 sotnn'ft
343 877 393 942 die
413 875 526 942 moen
548 877 651 942 otreien
679 877 740 958 anf
761 877 910 942 einander
932 877 1094 958 soloender
1115 876 1220 942 Zeiten
1240 895 1298 940 nn

214 984 353 1078 lesentiob
378 1005 483 1050 nonen
515 986 582 1051 nnot
611 985 645 1050 in
665 984 763 1068 Foloe
793 987 901 1052 (tossen
923 985 1041 1066 folsebe
1063 984 1298 1068 Erytnnnnyen

213 1095 279 1160 so'ob
299 1094 524 1176 eindniinoten:
554 1092 603 1158 iob
623 1093 735 1176 ylonbe
756 1093 852 1158 outo
873 1093 922 1158 die
943 1091 1047 1159 Worte
1074 1090 1299 1158 τετέλεσται

213 1201 423 1283 βασιλεῦσι,
447 1199 509 1265 ἐπὶ
530 1202 682 1282 βωμοῖς
702 1201 770 1268 ιιτιιλ
796 1193 955 1289 πλήρεις
977 1200 1025 1266 nis
1050 1202 1227 1285 oenotriobtiy
1248 1203 1299 1266 be-

214 1310 358 1376 zeichnen
389 1331 429 1376 nn
461 1314 590 1389 missen
623 1315 732 1374 ntinnre
755 1310 868 1392 jedoeb
900 1310 958 1388 ein,
993 1311 1067 1375 dass
1092 1311 1175 1377 diese
1194 1311 1299 1378 Worte

214 1420 299 1486 niobt
322 1421 483 1502 dnrebney
506 1419 565 1500 anf
587 1419 683 1499 freter
704 1417 884 1502 Erfindnno
916 1419 1056 1503 benten,
1085 1421 1222 1500 sondenn
1242 1421 1305 1502 ons

215 1529 299 1594 einen
319 1529 404 1593 nebo·
426 1528 499 1593 oder
520 1528 654 1610 neniyer
674 1526 897 1593 nillioo'irio'eben
914 1527 1127 1612 Vernendnno
1147 1527 1219 1593 teto
1233 1549 1299 1593 oer-

215 1637 367 1703 bb'obener
388 1637 481 1702 Reste
502 1637 557 1702 oter
578 1636 840 1720 nrspn'inotn'eben
860 1626 987 1717 Sennift
1002 1645 1008 1657 '
1022 1673 1062 1684 -
1092 1636 1187 1703 Niobt
1202 1637 1300 1719 pion-

214 1745 291 1811 sn'bel
311 1747 352 1811 ist
372 1746 434 1811 nir
454 1743 635 1826 Kinobtoffs
659 1745 857 1828 Anordnnno
879 1745 934 1810 den
954 1743 1068 1813 Stelte:

454 1896 559 1968 πάντα
578 1898 637 1989 γὰρ
658 1893 718 1991 ἤδη
741 1956 747 1970 .
771 1952 777 1968 .
801 1954 807 1968 .
910 1976 914 1984 ,

452 2011 659 2080 τετέλεσται.
682 2063 688 2078 .
711 2064 717 2078 .
740 2064 746 2079 .

452 2120 650 2206 βασιλεῦσι.
663 2161 681 2186 -.
706 2171 711 2184 .
735 2171 742 2185 .

453 2224 585 2294 πάντων
605 2227 641 2294 δὲ
661 2231 753 2294 θεῶν
774 2280 780 2294 .
804 2279 811 2292 .
833 2282 840 2296 .
865 2279 871 2292 .

454 2337 510 2403 ἐπὶ
529 2341 673 2422 βωμοῖσι
697 2389 703 2402 .
727 2389 764 2406 ..

455 2440 665 2532 αλμόρραντοι
686 2445 800 2512 θυσίαι
820 2440 966 2531 πλήρεις,

170 2630 172 2642 ’
215 2637 302 2683 noen
316 2607 554 2682 benentt'nn'rd:
576 2616 681 2682 tooero
701 2617 875 2698 systematis
896 2615 1088 2698 anapaestici
1112 2614 1248 2679 nembro
1264 2615 1302 2678 tn

216 2725 356 2790 ordinem
385 2723 500 2806 dioessi
521 2723 643 2789 toonnis
668 2723 870 2789 dn'rno'ob'ornrn
892 2723 958 2805 fere
978 2743 1120 2788 oensnnon
1143 2721 1302 2787 indicetis.

217 2833 258 2897 m
272 2831 310 2896 N.
326 2837 358 2897 et
372 2832 410 2896 K.
433 2831 583 2897 uidentur
601 2831 691 2912 mihi,
714 2851 793 2917 paee
814 2832 953 2898 virorum
975 2832 1303 2917 praeclarissimorum

151 2947 153 2951 ’
219 2941 364 3025 dixerim,
393 2939 457 3004 levi
478 2940 563 3005 hune
590 2941 695 3005 loeum
721 2940 865 3024 tetigisse
887 2939 1045 3006 bracchio.
1087 2941 1170 3005 Nam
1192 2960 1303 3022 quam-

218 3069 313 3132 quam
335 3048 431 3114 iaeile
453 3049 532 3113 talia
554 3050 658 3114 eoniei
680 3058 813 3132 possunt
834 3033 1051 3132 praebentque
1080 3049 1220 3133 speeiem
1244 3047 1302 3113 nd-

98 3197 101 3205 «
216 3158 345 3224 modum
373 3157 581 3240 probabilem,
614 3163 738 3242 oportet
764 3165 870 3223 tamen
896 3158 956 3224 hoo
978 3157 1011 3221 in
1037 3157 1150 3242 primis
1178 3156 1303 3239 quaeri,

217 3287 293 3332 uum
313 3265 466 3330 librorum
481 3274 658 3332 nostrorum
679 3287 719 3332 ea
740 3268 858 3332 fuerint
878 3268 954 3342 fatu,
978 3273 1013 3331 ut
1034 3286 1116 3349 quae
1137 3266 1305 3351 proferun-

217 3381 269 3440 tur
291 3373 490 3440 coniecturae
512 3394 608 3440 verae
626 3373 700 3440 'esse
723 3376 855 3458 possint.
897 3375 1001 3459 Atque
1022 3375 1121 3440 etiam
1142 3375 1171 3464 si
1193 3392 1304 3439 omnes

218 3484 273 3566 qui
288 3503 371 3548 nune
386 3489 514 3548 exstant
527 3483 603 3548 iibri
619 3503 659 3549 ex
672 3504 736 3550 uno
752 3491 914 3564 tamquam
929 3485 1016 3574 ¹fonte
1028 3481 1179 3548 fluxerint
1194 3489 1304 3547 temen

217 3610 348 3657 neeesse
374 3595 422 3656 est
447 3596 624 3656 statuamus
644 3610 808 3657 eommuue
830 3593 968 3656 omnium
990 3591 1185 3676 arehetypon
1204 3589 1304 3656 valde

219 3699 385 3782 antiquum
406 3700 515 3764 fuisse.
548 3699 666 3765 Nostro
688 3700 758 3765 loeo
781 3700 900 3765 nullam
915 3697 1067 3766 exhibent
1081 3700 1208 3766 oodiees
1230 3719 1305 3781 gra-

172 3837 174 3839 ·
218 3827 299 3872 vem*
313 3807 461 3873 leetionis
488 3808 684 3874 varietatem.
716 3809 963 3892 Byzantinorum
984 3809 1082 3892 igitur
1097 3809 1305 3874 librariorum

219 3916 363 3981 incuriae
386 3935 469 3998 quae
493 3915 600 3981 insunt
623 3914 738 3981 menda
760 3916 940 3983 adscribere
975 3937 1038 3982 non
1071 3918 1153 3982 lieet.
1199 3918 1304 3997 Atque

219 4025 247 4091 si
281 4024 476 4110 temporibus
513 4024 635 4106 quibus
679 4024 819 4109 nondum
867 4027 1076 4092 senesoebant
1105 4025 1303 4092 Graecarum

219 4133 395 4199 litterarum
423 4131 532 4198 studia
553 4132 686 4216 antiqua
713 4132 847 4200 eandem
876 4135 1010 4200 formam
1037 4135 1222 4201 mendosam
1244 4115 1305 4199 h'u-¹

220 4242 338 4309 bebant
369 4241 470 4308 nostri
501 4260 612 4308 versus
643 4261 739 4326 quam
770 4263 828 4309 nos
846 4243 1038 4326 accepimus,
1059 4242 1115 4308 vix
1133 4263 1211 4310 vera
1229 4261 1304 4308 esse
