2842 4870
691 385 725 438 29

165 556 263 622 estin
286 553 522 638 comparatione
546 538 706 632 momenti,
730 571 840 626 vooem
862 549 990 633 δέμνιον
1005 552 1064 620 183
1086 557 1159 617 ante
1175 550 1249 634 διμ-

164 664 239 728 ιίων
265 665 323 730 186
346 663 442 730 etiam
464 683 522 748 per
544 683 580 730 se
601 663 717 728 iustam
741 681 868 727 movere
891 660 1114 742 suspicionem.

262 916 410 1000 Suspeoti
432 921 506 981 suut
526 914 606 980 mihi
629 915 698 979 197.
722 913 802 978 198:

303 1039 356 1104 καὶ
374 1032 546 1105 κατθανών
567 1041 595 1102 τ’
618 1031 657 1102 dr
678 1027 779 1116 ὤλετ’,
805 1030 952 1124 ἐκφυγών
973 1037 1001 1102 τ’
1025 1032 1091 1118 ἔχει

303 1151 460 1213 τοσοῦτον
481 1137 586 1230 ἄλγος,
611 1135 734 1210 οὔποθ’
757 1128 799 1208 οὗ
821 1139 996 1232 initiorum.

264 1273 314 1338 De
335 1292 483 1339 versuum
518 1271 619 1336 forma
640 1271 722 1335 nihil
744 1270 865 1336 dicam:
898 1269 1057 1337 sententia
1078 1270 1158 1337 haee
1180 1291 1250 1336 esse

122 1439 126 1446 ,
164 1383 304 1454 ridetur:
336 1380 472 1448 Admeto
497 1386 630 1445 mortem
656 1379 881 1464 optabiliorem
902 1379 1002 1445 titisse
1023 1401 1118 1462 quam
1141 1379 1250 1446 vitam.

163 1493 294 1578 Aptiore
337 1493 406 1557 loeo
454 1489 565 1556 eadem
613 1489 678 1573 ipsi
718 1489 889 1555 tribuitur
907 1487 1044 1555 Admeto
1083 1488 1251 1572 sententia,

164 1624 193 1668 v,
215 1602 285 1667 273.
309 1603 385 1666 274:
1168 1609 1170 1614 ’

459 1703 528 1773 οόδ’
553 1703 635 1784 ἔπος
657 1707 783 1790 λυπρόν
804 1696 916 1771 daudet

366 1815 420 1881 καὶ
441 1811 565 1894 παντὸς
586 1814 658 1900 ἐμοὶ
677 1808 824 1880 θανάτου
851 1815 963 1897 μεῖζον

165 1934 197 1992 et
218 1927 294 1991 277:
441 2007 445 2015 ι

360 2037 424 2099 σοῦ
445 2029 504 2118 γὰρ
531 2030 694 2120 perparuo
715 2022 821 2097 oriae'r'
844 2023 882 2094 dv
900 2025 976 2115 εἴην.

263 2161 375 2244 Neque
390 2165 496 2226 tamen
511 2159 590 2224 mihi
605 2158 666 2224 hae
683 2157 893 2224 similitudine
908 2157 1054 2223 damnari
1067 2157 1251 2225 viderentur

161 2271 220 2346 ‚isti
241 2289 361 2349 versuo,
384 2269 448 2362 nisi
477 2275 584 2366 nostro
610 2269 680 2333 loeo
703 2288 809 2332 rerum
830 2269 945 2333 seriem
966 2274 998 2332 et
1020 2266 1164 2333 ordinem
1185 2274 1271 2348 tur-t

164 2380 286 2445 barent.
314 2377 538 2442 Narrationem
561 2383 635 2461 apte
657 2374 818 2444 eoneludit
839 2375 959 2440 famula
978 2396 1007 2441 r.
1026 2377 1098 2440 196:

361 2501 486 2567 τοιαῦτ’
507 2500 540 2566 ἐκ
562 2494 664 2578 οἴκοις
686 2499 773 2567 ἐστὶν
792 2492 959 2586 Ἀδμήτου
983 2494 1073 2567 κακά.

163 2629 257 2694 Ηιιιιο
276 2648 401 2695 versum
423 2627 546 2712 exeipit
568 2627 741 2712 coryphaei
762 2629 969 2713 interrogatio
988 2628 1070 2693 199:

362 2739 381 2840 ἦ
404 2775 471 2817 που
492 2747 635 2835 στενάζει
656 2751 771 2818 τοιοίδ’
785 2741 955 2839 ’Ἄδμητος
975 2755 1105 2832 κακοῖς,·

163 2881 214 2945 Ne
236 2887 268 2945 te
293 2879 413 2962 fugerit
434 2877 600 2944 choreutas
622 2878 750 2945 Admeti
771 2878 946 2945 familiares
971 2899 1043 2946 esse
1070 2879 1199 2962 amieos,
1221 2881 1252 2946 ei

164 2989 367 3073 potissimum
391 2986 569 3062 devinetos,
587 3008 657 3053 eum
681 2989 802 3054 famula
822 2988 862 3053 de
890 2989 1000 3072 regiae
1024 2990 1134 3055 domus
1157 2990 1251 3056 mise-

165 3098 225 3164 riis
257 3099 406 3179 loquatur
427 3102 459 3162 et
480 3097 652 3180 praecipue
686 3097 833 3164 dominae
865 3117 952 3164 auae.
998 3097 1252 3164 Consentaneum

165 3209 265 3292 igitur
286 3215 334 3273 est
355 3214 428 3291 post
448 3208 630 3272 universam
663 3227 768 3272 rerum
802 3208 1016 3274 narrationem
1037 3206 1252 3292 ooryphaeirm

167 3315 294 3381 demum
316 3315 356 3380 de
379 3315 515 3380 Admeto
538 3315 711 3398 separatim
733 3335 886 3398 quaerere
907 3336 945 3380 ae
960 3315 1000 3380 de
1015 3336 1157 3381 maerore
1170 3318 1249 3382 eius.

164 3425 208 3489 Et
229 3423 313 3506 quod
336 3429 558 3508 exspectamus
581 3423 724 3488 efficiunt
744 3444 774 3488 v.
794 3425 853 3488 199
875 3423 1053 3508 particulae
1075 3409 1095 3512 ἦ
1117 3447 1193 3491 που.

266 3533 330 3598 Sed
364 3533 461 3598 etiam
484 3534 544 3597 196
576 3540 742 3617 eorruptus
773 3538 830 3598 est.
870 3534 972 3600 Valde
1005 3534 1170 3618 inelegans
1202 3541 1250 3600 est

164 3640 294 3705 Admoti
316 3643 430 3706 nornen
446 3630 692 3725 ante'lropprog
707 3662 735 3707 v.
748 3641 821 3705 199:
845 3661 946 3725 neque
965 3650 1071 3708 tamen
1095 3642 1173 3710 addi
1196 3663 1251 3726 po·

164 3756 271 3815 terant
293 3750 362 3814 197.
386 3751 445 3815 198
466 3750 531 3815 nisi
553 3757 725 3834 praeeunte
747 3771 784 3816 eo
806 3753 942 3817 nomine.
975 3750 1107 3817 Gonioio
1124 3751 1251 3834 Euripi·

163 3857 238 3923 dem
259 3858 318 3922 196
341 3859 386 3924 ita
407 3859 590 3944 seripsisse:

348 3983 471 4048 τοιαῦτ’
497 3981 532 4049 ἐν
554 3977 657 4061 οἴκοις
677 3981 746 4050 ἐστὶ
768 3984 940 4050 δεσποτῶν
960 3979 1051 4052 κακά.

261 4091 297 4157 V.
318 4092 378 4157 199
409 4093 489 4160 satis
521 4083 691 4160 excusatur
719 4093 907 4177 pronomine
928 4093 1051 4160 τοιοίδε
1073 4093 1241 4178 repetitum

160 4201 354 4268 vocabulum
377 4205 499 4280 κακοῖς.

610 4315 805 4326 ...Ἣ
