2842 4870
734 335 769 392 68

206 507 313 574 statim
347 507 435 574 exire
471 529 542 574 oum
577 500 688 575 liberis
730 516 762 575 et
801 527 907 576 uxore.
961 510 999 575 In
1032 509 1102 593 ipeo
1141 524 1296 588 sermone,

205 614 313 680 missis
336 617 383 682 eiu
398 635 483 700 quae
497 616 720 684 emendatione
735 617 845 684 sanari
859 619 991 702 possint,
1012 618 1189 702 displicent
1206 617 1295 685 haec.
1312 605 1314 610 ⁸

205 722 346 791 Primum
369 724 547 793 interiectio
569 711 590 789 d
611 727 690 792 mihi
723 747 786 796 uon
818 727 899 794 bene
922 728 1074 794 hocloco
1096 725 1204 811 posita
1225 747 1296 794 eane

205 831 341 898 videtur.
385 832 424 899 Id
446 842 554 900 tamen
575 843 795 919 argumentum
823 835 960 904 fortasse
991 856 1055 904 non
1082 844 1132 904 eet
1152 857 1297 921 premen-

206 940 292 1008 dum.
333 942 460 1010 Deinde
492 944 585 1011 valde
616 944 766 1031 displicet
799 944 880 1011 illud
911 945 988 1022 ναῦς
1020 945 1049 1010 d'
1078 937 1124 1022 ὣς
1156 943 1295 1030 ἐφέλξω.

205 1050 414 1135 Euripideum
441 1060 490 1121 est
517 1051 659 1140 ἑφολκίς,
686 1061 782 1138 atque
808 1056 889 1124 beno
915 1062 947 1122 et
974 1054 1107 1139 pulchre
1128 1055 1295 1142 usurpavit

99 1231 102 1243 ,
206 1168 304 1228 nocta
320 1162 443 1229 duobus
466 1162 555 1244 loeis,
578 1162 660 1229 And.
685 1167 762 1236 200:

346 1282 488 1371 πότερον
508 1289 547 1354 ἵν’
569 1281 653 1380 urica}
674 1291 795 1368 παῖδας
816 1283 887 1355 ἀντὶ
908 1292 972 1356 σοῦ
993 1288 1076 1356 τίνω
1119 1315 1123 1322 ’

346 1392 481 1478 δούλους
502 1397 624 1489 ἐμαυτῇ
644 1398 671 1463 τ’
694 1390 815 1464 ἀθλίαν
833 1395 1007 1486 ἐφολκίδας

208 1514 240 1574 et
260 1507 388 1585 Heroni.
414 1510 509 1575 1424:

404 1612 497 1706 ἡμεῖς
518 1616 545 1683 d’
568 1610 789 1697 ἀναλώσαντες
809 1613 973 1700 αἰσχύναις
995 1610 1106 1701 δόμον,

406 1730 508 1812 Θησεῖ
529 1722 692 1806 πανώλεις
716 1722 881 1811 ἑψόμεσθ’
902 1725 1080 1815 ἐφολκίδες.
1101 1790 1105 1801 ,

205 1852 305 1944 Multo
337 1853 443 1920 minue
481 1856 603 1938 tragice
629 1854 716 1921 idem
742 1855 932 1922 vocabulum
959 1860 1078 1921 nostro
1104 1855 1175 1918 loco
1207 1871 1299 1918 usur-

206 1962 296 2044 pavit
318 1963 468 2044 scriptor:
496 1961 554 2028 ned
575 1963 636 2030 hoc
658 1965 830 2031 mittamus.
867 1961 1002 2030 Proreus
1025 1961 1161 2044 indigna
1182 1981 1300 2043 magno

206 2077 302 2154 poeta
339 2076 388 2137 eet
415 2072 472 2135 illa
504 2071 709 2156 metaphorae
743 2073 916 2155 explicatio
949 2091 1052 2155 paene
1085 2070 1301 2154 etymologica

206 2182 282 2256 ναῖς
303 2180 331 2245 d'
355 2169 399 2257 ὣς
422 2179 556 2266 ἐφέλξω,
579 2202 663 2264 quae
677 2182 759 2248 nihil
774 2183 850 2248 novi
874 2182 996 2265 profert
1017 2183 1145 2264 oletque
1164 2179 1300 2244 crassio-

206 2312 272 2356 rem
294 2312 417 2358 musam
439 2297 555 2376 poetae
577 2294 633 2374 qui
656 2312 753 2374 quam
774 2298 936 2358 mutuatus
958 2296 1027 2357 erat
1048 2290 1184 2374 figuram
1200 2287 1299 2354 Euri·

206 2401 335 2483 pideam
363 2400 528 2467 difficilem
557 2402 721 2467 intellectu
744 2400 917 2467 iudicabat.
961 2401 1011 2466 De
1034 2397 1242 2482 sequentibus
1265 2402 1301 2461 ut

207 2510 240 2573 in
262 2530 296 2576 ro
317 2509 441 2592 humili,
467 2508 581 2575 humili
603 2515 675 2575 utar
698 2514 895 2594 argumento.
938 2509 1021 2574 Nam
1043 2513 1153 2575 carent
1173 2505 1207 2570 hi
1228 2526 1300 2570 ver-

207 2625 355 2684 eue'oum
382 2619 507 2700 tragica
529 2618 726 2684 sublimitate
754 2625 828 2683 tum¹
848 2618 976 2701 poetica
997 2618 1142 2682 veritate.
1185 2605 1301 2678 Πάντα

207 2713 418 2803 τάνθρώπων
439 2717 494 2787 ἴσα
515 2730 687 2806 utcumque
702 2725 932 2808 interpretariS,
954 2745 1025 2790 cum
1046 2724 1146 2806 legas,
1168 2723 1196 2790 oi
1219 2723 1301 2788 illud

207 2831 260 2896 καὶ
279 2826 337 2916 μάρ
360 2823 418 2896 oda
439 2822 608 2912 ἀναίνομαι
629 2827 826 2913 θεράπευμα
847 2832 969 2896 τέκνων
991 2834 1135 2916 respicio,
1156 2852 1220 2898 non
1244 2852 1300 2915 po-

207 2947 269 3006 test
293 2947 324 3004 te
346 2939 456 3022 fugere
485 2941 625 3005 virorum
655 2960 804 3024 magnam
838 2947 962 3024 partem
990 2960 1104 3024 reapse
1126 2953 1300 3023 puerorum

207 3071 316 3116 curam
344 3067 503 3128 recusare,
525 3051 621 3114 talem
641 3052 753 3116 saltem
776 3052 903 3133 qualem
917 3057 993 3116 tunc
1008 3051 1178 3116 exercebat
1193 3048 1298 3128 heron,

206 3178 320 3242 neque,
350 3158 414 3222 nisi
437 3157 471 3222 id
494 3178 605 3223 verum
627 3165 720 3239 esset,
749 3161 848 3224 ullum
870 3158 1020 3226 habitura
1041 3160 1141 3226 fuisse
1170 3178 1300 3224 sensum

206 3267 354 3332 Herculis
375 3267 476 3331 verba
497 3264 549 3328 καί
571 3266 629 3349 γάρ
660 3257 721 3331 oda
749 3257 918 3348 ἀναίνομαι
941 3260 1142 3349 θεράπευμα
1168 3264 1298 3345 τέκνων,

208 3377 323 3460 quibus
345 3373 432 3457 quod
450 3375 519 3456 agit
539 3376 691 3457 explanat
711 3377 763 3442 vel
785 3374 931 3441 defendit
953 3376 1156 3458 ostenditque
1178 3396 1213 3443 se
1235 3396 1300 3441 non
1347 3378 1351 3384 '

208 3486 291 3550 siout
326 3504 435 3549 omnes
473 3482 628 3566 nominee,
651 3485 709 3550 sed
731 3486 802 3568 plns
833 3504 928 3566 qnam
964 3469 1144 3567 plerosque,
1178 3484 1300 3550 liberos

207 3613 324 3659 amare.
367 3593 515 3676 Denique
543 3589 672 3658 videbis
695 3592 773 3674 quid
802 3593 927 3658 intersit
949 3593 1032 3659 inter
1055 3593 1246 3677 Euripidem
1268 3601 1301 3659 et

208 3699 380 3766 absurdum
401 3703 471 3767 eius
494 3703 696 3784 imitatorem,
718 3702 747 3765 si
771 3701 1009 3784 comparaveris
1031 3700 1105 3765 Eur.
1128 3701 1167 3766 fr.
1189 3702 1266 3765 334:

356 3815 406 3902 εἷς
426 3822 484 3910 γάρ
506 3848 556 3904 τις
579 3821 648 3890 ἔστι
669 3819 777 3902 κοινὸς
798 3816 996 3907 ἀνθρώποις
1017 3819 1117 3908 νόμος

356 3931 409 3998 καί
429 3937 541 3998 θεοῖσι
561 3932 663 3996 τοῦτο
686 3927 791 4012 δόξαν,
817 3926 863 4009 ώς
884 3933 999 4018 σαφῶς
1020 3930 1112 4016 λέγω,

356 4041 476 4127 θηρσίν
497 4065 533 4106 τε
555 4043 649 4121 πᾶσι,
672 4040 766 4106 τέκνα
787 4039 950 4108 τίκτουσιν
971 4040 1090 4126 φιλεῖν.

356 4145 396 4213 τὰ
417 4151 445 4214 d’
466 4140 547 4215 ἀλλα
569 4148 668 4234 χωρὶς
688 4143 833 4232 χρώμεθ’
856 4146 1003 4234 ἀλλήλων
1025 4143 1147 4233 νόμοις.

654 4297 851 4312 Ἥ
