2842 4870
700 317 734 370 32

266 487 302 552 V.
325 487 401 551 344:
526 487 528 492 ’

269 603 448 695 στεφάνους
467 631 502 672 τε
523 605 651 691 producis
671 611 707 675 θ’
731 603 890 696 ἣκκαοεῖχ
914 608 1011 696 ἐμούς
1031 609 1152 702 δόμους

169 736 249 800 mihi
269 735 365 801 valde
385 741 550 820 suspectus
574 743 630 803 cst.
674 736 910 805 Otiosissimum
939 759 1009 805 esse
1030 745 1126 822 atque
1147 759 1255 824 super-

169 865 346 911 vacaneum
367 866 459 910 nemo
481 852 565 911 certe
579 855 752 955 negaturup
769 855 825 914 est.
849 849 898 914 Ab
912 847 1257 934 elegentiallluripidea

170 954 279 1038 procul
314 954 463 1020 abhorret
494 954 558 1020 ista
591 960 786 1023 enumeratio
820 959 981 1024 nominum
1006 978 1252 1043 synonymorum

169 1083 226 1148 per
237 1085 272 1125 rc
285 1063 530 1142 coniunctorum,
554 1082 636 1145 quae
652 1065 728 1147 quia
742 1087 869 1132 versum
888 1087 951 1133 non
973 1068 1115 1152 explevit
1130 1067 1257 1132 adiecta

169 1178 218 1238 est
250 1173 329 1237 satis
367 1173 476 1256 inepta
508 1172 652 1237 clausula
681 1163 701 1260 ἢ
732 1173 850 1254 κατεῖχ’
875 1169 975 1258 ripolis
1003 1169 1132 1257 δόμους.
1183 1175 1255 1241 Sibi

169 1283 258 1348 visus
280 1287 328 1347 est
350 1280 557 1363 interpolator
580 1288 692 1362 poetae
715 1283 865 1366 supplere
893 1285 1047 1351 orationis
1070 1285 1255 1350 ubertatem.

270 1581 462 1666 Expellendi
483 1588 556 1648 sunt
573 1603 605 1666 y.
629 1585 699 1648 380.
723 1586 799 1651 381:
831 1643 835 1653 .
961 1541 966 1551 Ι

266 1718 341 1782 ΑΔ.
365 1709 463 1798 οἴμοι,
486 1715 519 1781 τί
540 1711 753 1802 δράσω,δῆτα
774 1720 834 1783 σοῦ
850 1711 1069 1801 μονούμενοςς

266 1827 349 1890 ΑΛ.
371 1819 487 1908 χρόνος
507 1827 639 1908 μαλάξει
660 1828 704 1891 o’·
726 1818 818 1892 οὐδέν
840 1825 911 1894 ἐσθ’
937 1822 954 1890 ὁ
976 1821 1158 1892 κατθανών.

168 1961 308 2026 Necesse
330 1968 378 2026 est
401 1981 512 2026 versus
536 1962 615 2025 382:

316 2083 394 2179 ἔχου
419 2117 460 2177 με
482 2088 540 2158 σὺν
561 2093 615 2160 σοὶ
636 2089 722 2177 πρὸς
742 2093 837 2159 θεῶν
857 2083 935 2177 ὅγοο
957 2089 1047 2159 κάτω

168 2231 256 2295 nulla
277 2241 313 2294 re'
332 2229 440 2294 aliena
461 2229 651 2312 interposita
674 2235 826 2312 sequatur
847 2249 974 2296 versum
996 2229 1072 2294 379:

316 2347 343 2428 ὦ
363 2361 455 2440 τέκν’,
479 2355 534 2426 ὅτε
557 2362 611 2447 ζῆν
632 2361 711 2451 χρῆν
731 2363 774 2444 μ’,
798 2352 981 2445 ἀπέρχομαι
1001 2356 1098 2428 κάτω.

265 2496 392 2562 Deinde
417 2496 591 2564 Alcestidis
624 2517 781 2581 personae
802 2517 866 2562 non
893 2504 942 2562 est
963 2503 1038 2582 apta
1064 2518 1174 2566 versus
1194 2499 1254 2562 381

168 2607 335 2687 sententia,
348 2624 430 2687 quae
442 2607 574 2671 summis
585 2607 734 2688 precibus
747 2607 896 2671 maritum
908 2607 1011 2672 oravit
1021 2613 1056 2671 ut
1068 2607 1256 2673 memoriam

168 2735 258 2782 suam
285 2716 412 2780 coleret.
455 2715 603 2780 Herculis
629 2719 735 2780 autem
757 2735 914 2798 personae
941 2717 1135 2782 conveniunt
1155 2716 1257 2781 verba

165 2817 281 2904 χρόνος
306 2817 449 2904 μαλάξει,
483 2825 539 2905 qui
562 2824 642 2887 1085
672 2825 719 2889 eis
746 2844 823 2889 usus
853 2831 910 2890 est.
954 2823 1138 2890 Clausulam
1162 2822 1257 2889 οὐδέν

166 2929 238 2996 ἐσθ’
263 2926 281 2994 ὁ
303 2925 485 3008 κατθανών,
520 2951 584 3014 qua
613 2952 740 2998 versum
774 2935 918 3016 explevit
949 2934 1167 3017 interpolator,
1199 2938 1257 2996 aut

166 3040 252 3106 idem
273 3047 329 3106 aut
349 3041 432 3106 alius
454 3039 602 3106 adhibuit
624 3043 657 3106 in
678 3061 771 3106 versu
790 3043 850 3105 527
872 3041 1069 3107 lubricando.
1112 3041 1177 3107 Sed
1199 3039 1255 3106 ad-

166 3149 334 3214 ditamenti
356 3169 407 3214 res
429 3169 552 3215 summa
570 3148 698 3215 videtur
722 3150 755 3214 in
774 3169 803 3213 v.
819 3151 881 3214 380
903 3150 966 3215 sita
981 3170 1060 3214 esse.
1103 3150 1256 3216 Declarat

141 3319 144 3330 ,
165 3257 320 3323 Admetus
335 3257 395 3321 382
418 3277 452 3322 se
474 3259 515 3322 ab
530 3256 693 3323 Alcestide
714 3278 776 3323 non
794 3258 940 3341 separari
961 3258 1058 3322 velle:
1080 3258 1163 3324 hanc
1183 3277 1254 3324 sen-

167 3366 299 3432 tentiam
321 3366 431 3448 paullo
453 3366 631 3449 planiorem
652 3367 758 3432 facere
781 3367 887 3433 studet
908 3367 1125 3450 interpolator,

265 3652 343 3718 Dixi
366 3673 463 3738 supra
488 3660 615 3738 poetam
634 3653 668 3718 in
690 3652 750 3719 hac
771 3653 881 3718 fabula
902 3651 1055 3718 nonnulla
1077 3651 1123 3715 ita
1144 3649 1254 3731 dispo-

166 3761 270 3826 suisse
298 3767 333 3827 ut
359 3763 442 3829 inter
469 3783 503 3829 se
529 3768 717 3846 pugnarent.
759 3761 865 3826 Unum
892 3763 996 3826 locum
1024 3761 1057 3826 in
1084 3779 1146 3842 quo
1173 3757 1255 3822 talia

165 3870 283 3949 insunt,
313 3890 424 3936 versus
454 3871 527 3936 dico
559 3871 734 3952 509-545,
766 3869 846 3934 mihi
869 3868 1069 3935 tractandum
1098 3863 1254 3951 proposui

166 3983 197 4042 et
218 3997 277 4061 pro
301 3998 373 4042 mea
394 3983 485 4062 parte
509 3977 791 4063 interpretandum.
824 3979 893 4044 Hoc
915 3983 950 4043 ut
973 3996 1104 4042 conarer
1126 3975 1255 4040 duabus

166 4087 302 4152 maxime
324 4088 431 4153 causis
453 4086 601 4154 inductus
622 4109 708 4154 sum:
727 4085 867 4171 ¹primum
889 4085 975 4170 quod
989 4087 1111 4151 amicus
1134 4106 1162 4151 v.
1175 4084 1254 4151 521:

366 4189 454 4261 ἔστιν
474 4219 510 4260 τε
530 4188 652 4262 κούκέτ’
678 4192 774 4280 ἔστιν,
795 4185 921 4279 ἄλγέ-νει
943 4193 979 4259 δέ
998 4216 1039 4274 με
