2842 4870
673 421 708 473 23

146 611 241 678 posse
262 593 389 661 videtur
410 592 592 660 coniectura
613 593 864 678 Kirohhoffiana,
890 593 985 660 valde
1007 592 1229 678 improbabilis

146 702 346 768 Nauckiana.
382 700 555 787 Corruptus
571 709 619 769 est
640 723 717 769 sane
732 723 759 768 v.
777 705 846 784 132,
868 701 926 768 sed
941 702 1089 768 restituta
1102 724 1166 768 una
1179 705 1230 769 lit-

144 811 500 896 terulaquampraebet
513 810 617 877 codex
630 811 839 894 gravissimus
861 811 1104 890 Laurentianus,
1127 813 1174 878 ita
1195 817 1230 878 ut

144 921 329 1003 βασιλεῦσιν
359 921 512 1004 legamus,
549 921 637 986 iusta
666 923 866 1004 corruptelae
897 921 1048 1004 suspicio,
1079 926 1117 1008 ut
1149 920 1230 985 mihi

145 1029 280 1111 videtur,
305 1029 339 1094 in
363 1027 545 1094 τετέλεσται
570 1034 692 1094 tantum
719 1027 805 1094 cadit
832 1034 889 1094 aut
914 1029 1049 1094 fortasse
1077 1017 1174 1095 etiam
1196 1030 1229 1094 in

145 1127 215 1225 ἤδη.
252 1138 444 1220 sequentem
461 1157 588 1204 versum
609 1139 845 1221 paroemiaoum
865 1157 929 1203 non
950 1143 999 1202 est
1020 1157 1076 1202 cur
1096 1125 1229 1220 antiquo

145 1247 365 1331 interpolatori
397 1245 580 1313 adscribere
612 1245 803 1313 dubitemus.
826 1245 909 1311 Tota
934 1252 1039 1310 autem
1071 1248 1230 1313 sententia

145 1375 237 1438 quae,
272 1356 416 1437 quamvis
451 1354 556 1420 inanis
582 1353 802 1439 Euripideque
835 1353 978 1438 indigna,
1009 1354 1087 1421 satis
1121 1362 1227 1421 tamen

145 1464 315 1548 perspicua
342 1470 400 1548 est,
433 1451 538 1530 reruin
560 1464 668 1530 turbat
699 1482 813 1530 nexum
841 1464 935 1530 modo
968 1484 1030 1530 non
1057 1464 1227 1531 tolerabili·

146 1570 240 1650 Quod
266 1578 301 1639 ut
327 1572 388 1638 tibi
420 1579 575 1658 appareat
605 1573 702 1638 velim
729 1574 825 1656 paulo
857 1573 1038 1640 accuratius
1070 1574 1228 1657 ponderes

145 1679 372 1770 praecedentes
393 1701 504 1749 versus
528 1683 588 1747 130
609 1702 656 1764 sq.

334 1823 349 1856 0
439 1805 495 1871 νῦν
513 1804 549 1872 δέ
569 1805 627 1870 τίν’
652 1802 702 1871 ἐτι
722 1805 797 1889 βίου

440 1911 555 2002 ἐλπίδα
575 1913 822 1997 προσδέχωμαις

145 2057 286 2137 Quorum
314 2077 464 2123 versuum
490 2039 681 2123 sententiam
711 2056 793 2123 hanc
815 2076 885 2123 esse
908 2063 998 2140 puto:
1026 2059 1105 2123 sicot
1126 2079 1176 2124 res
1197 2080 1230 2126 se

144 2167 233 2232 taba
253 2168 321 2244 (νῦν
343 2163 401 2248 δέ),
427 2186 497 2231 cam
516 2158 628 2230 caicus
649 2165 762 2231 solutis
787 2171 895 2231 caeter
915 2165 1063 2232 Alcestim
1083 2187 1146 2232 ooo
1164 2170 1229 2235 a'am

46 2319 49 2328 .
143 2275 237 2340 morti
262 2275 380 2369 eripere
402 2275 515 2356 possit,
541 2275 624 2340 code
643 2274 995 2355 coonsecratos?
1020 2276 1039 2340 i.
1063 2296 1089 2342 e.
1109 2276 1229 2342 oollam

139 2401 306 2463 possennus
329 2403 456 2466 sperare
480 2382 618 2449 salmam.
660 2383 823 2450 Habemus
843 2383 1073 2451 sententiarum
1099 2386 1246 2468 plenum

144 2510 245 2574 usque
266 2491 309 2557 ad
329 2498 439 2577 aptum
459 2491 553 2557 finem
568 2512 787 2576 progressum:
809 2512 874 2558 non
889 2490 985 2558 facile
999 2499 1228 2576 retrogressum

144 2601 292 2684 patimur.
336 2599 402 2666 Sed
420 2599 577 2666 absurdus
600 2606 648 2666 est
666 2607 879 2684 retrogressus
900 2601 929 2665 si
944 2600 1057 2666 chorus
1071 2606 1143 2685 post
1159 2602 1227 2665 130.

144 2709 202 2774 131
224 2708 305 2775 haec
326 2708 431 2774 addit:
453 2729 528 2776 com
548 2710 653 2774 omnio
673 2713 791 2776 tentato
811 2715 892 2775 suat.

241 2818 354 2901 Neque
381 2839 497 2885 novum
516 2825 736 2903 argumentum
760 2819 888 2904 profero
910 2839 981 2885 cum
1008 2818 1081 2886 dico
1100 2818 1227 2884 chorum

144 2924 195 2992 his
215 2926 336 2992 verbis:

188 3053 246 3117 119
440 3056 531 3118 θεῶν
552 3054 580 3119 δ’
602 3052 654 3119 ἐπ’
678 3047 826 3137 ἐσχάραις

382 3163 440 3227 οὐκ
461 3159 524 3244 ἔχω
548 3161 604 3228 ἐπί
626 3160 696 3227 τίνα

380 3263 569 3356 μηλοθύταν
590 3271 752 3382 πορευθῶ

143 3400 209 3466 iam
232 3401 313 3467 satis
352 3401 533 3470 declarasse
560 3404 680 3471 nullam
712 3403 745 3470 in
781 3401 948 3468 sacrificiis
977 3421 1047 3468 esse
1082 3401 1225 3467 salutem.

142 3509 276 3576 Accedit
297 3511 383 3594 quod
405 3493 517 3578 eiectis
540 3512 611 3579 istis
625 3513 771 3578 versibus
792 3511 890 3576 multo
911 3509 1025 3576 melius
1047 3530 1118 3579 eum
1136 3507 1227 3575 chori

142 3625 238 3685 cautu
267 3621 470 3686 continuatur
502 3620 662 3704 dialogus,
695 3620 780 3703 quod
813 3620 1000 3704 praesertim
1033 3619 1066 3683 in
1098 3618 1226 3684 fabulae

143 3727 237 3792 initio
253 3749 317 3796 uon
336 3730 417 3797 levis
432 3735 481 3795 est
494 3731 654 3795 momenti.
675 3729 884 3796 Necessarius
896 3735 944 3794 est
958 3728 1041 3792 inter
1051 3748 1078 3792 v.
1088 3728 1156 3791 130.
1167 3727 1224 3790 131

486 3853 541 3917 νῦν
560 3852 596 3918 δέ
615 3851 673 3917 τίν’
697 3849 746 3918 ἔτι
766 3853 840 3934 βίου

487 3960 603 4027 ἐλπίδα
624 3961 853 4046 προσδέχομαι
859 3987 870 4039 ,·

143 4075 240 4152 atque
264 4072 330 4138 139.
355 4073 415 4138 140

388 4174 417 4244 εί
436 4178 463 4242 δ’
485 4174 529 4244 ἐτ’
552 4175 638 4244 ἐστίν
661 4173 808 4261 ἔμψυχος
829 4173 904 4266 γονὴ

291 4281 349 4352 εἴτ’
370 4273 426 4353 οὖν
449 4277 570 4353 ίίλωλεν
593 4283 711 4356 εἰδέναι
731 4286 923 4373 βουλοίμεθ’
946 4276 985 4351 ίίν
