2842 4870
723 313 758 366 40

197 489 295 554 laesis
318 488 397 554 satis
420 489 503 554 dixit
524 488 564 552 N.
586 488 622 552 Ε.
645 487 677 552 S.
702 487 743 550 11.
766 487 817 550 85.
853 484 1011 551 Videntur
1032 483 1110 548 mibi
1129 483 1194 548 fieti
1211 503 1283 548 esse

197 597 238 661 ab
253 597 481 682 interpolatore
500 595 554 680 qni
577 613 753 662 sermonem
768 593 926 678 poetioum
943 592 1060 658 imitari
1076 612 1188 677 parum
1203 591 1283 658 seite

198 705 355 772 studebat.

642 859 837 868 ————-—-—

296 990 345 1054 De
366 1011 394 1054 v.
420 991 642 1055 MOI—1109:

294 1100 364 1162 ΗΡ.
390 1097 513 1162 πιθοῦ·
535 1091 603 1178 τάχ’
625 1091 664 1162 ἄν
685 1092 743 1182 γὰρ
767 1097 799 1176 ἐς
820 1097 893 1164 δέον
915 1097 1013 1164 πέσοι
1033 1095 1133 1179 χάρις.

295 1208 369 1272 ΑΔ.
392 1209 463 1292 φεῦ.
570 1241 572 1246 ·

391 1309 456 1380 εἴθ’
480 1314 516 1396 ἐξ
534 1306 659 1399 ἀγῶνος
679 1311 772 1403 τήνδε
793 1311 837 1404 μὴ
853 1307 967 1398 ”λαβές
986 1337 1079 1380 ποτε.

279 1419 365 1490 ἩΡ.
392 1425 520 1487 νικῶντι
541 1422 652 1512 μρντοι
672 1423 726 1486 καὶ
747 1418 786 1488 σι)
809 1423 958 1519 συνιικᾷς
973 1421 1055 1506 ἐμοί.

296 1534 370 1596 ΛΔ.
393 1530 498 1608 καλῶς
519 1527 645 1612 ἔλεξας·
666 1525 685 1618 ἡ
708 1526 783 1618 γυνὴ
806 1531 833 1596 d'
856 1523 1042 1598 ἀπελθέτω,
1148 1539 1151 1546 ’

295 1627 1285 1727 ΙῧᾶωωμηψπώωᾶάῃωᾶὴθΠῶ

295 1751 371 1812 ΑΛ.
393 1742 464 1832 χρή,
487 1747 546 1814 σοῦ
568 1771 602 1832 ys
624 1743 668 1836 μὴ
690 1747 863 1830 μέλλοντος
885 1737 1043 1832 ὅργαίνειι
1064 1746 1145 1829 ἐμοί.

295 1863 366 1924 ΗΡ.
392 1853 489 1937 εἰδώς
510 1883 542 1924 ιι
564 1850 654 1944 κᾶγώ
675 1859 760 1949 τήνδ’
785 1855 848 1940 ἔχω
871 1858 1071 1941 προθυμίαν.

239 2057 242 2066 ’
297 2081 366 2142 HP.
391 2066 459 2140 ἄλλ’
484 2072 559 2142 ἔσθ’
582 2069 637 2141 ὅθ’
660 2071 921 2166 ἦμᾶςιαίιέσεις·
943 2079 1055 2141 πιθοῦ
1076 2069 1186 2158 μόνον.

295 2227 443 2294 Eieiendi
474 2235 547 2294 sunt
577 2247 687 2294 versus
710 2236 857 2311 quattuor
884 2230 1098 2296 1104-1107.
1140 2229 1282 2293 Primum

199 2336 279 2400 1105
302 2337 530 2402 examinemus.
573 2335 666 2414 Quod
691 2338 847 2422 exscripsi
870 2326 968 2422 ἄθρει
989 2337 1143 2422 praebent
1164 2337 1282 2422 prioris

198 2444 321 2510 ordinis
353 2444 489 2528 codices,
523 2445 655 2511 seeundi
685 2446 806 2512 ordinis
829 2439 898 2528 ἄρα.
944 2446 1034 2526 Quae
1056 2446 1097 2512 de
1118 2446 1284 2530 utriusque

198 2553 319 2619 ordinis
339 2555 528 2622 auctoritate
548 2543 686 2630 sentiam
708 2575 771 2620 non
793 2556 903 2634 selavi,
927 2576 987 2622 neo
1006 2556 1066 2622 tibi
1088 2556 1201 2621 mirum
1223 2556 1285 2623 erit

198 2663 283 2747 quod
305 2663 427 2729 eonieio
460 2657 520 2745 ἄρα
551 2665 757 2732 vetustiorem
789 2685 859 2732 esse
887 2667 1086 2750 scripturam,
1116 2665 1283 2749 antiquum

198 2777 303 2837 autem
325 2773 566 2855 grammaticum
588 2794 767 2858 synonyma
785 2775 942 2840 voeabula
956 2781 1047 2840 aeute
1063 2773 1284 2858 distinguendi

198 2880 374 2947 studiosum
389 2889 530 2948 mutasse
550 2902 620 2947 eam
635 2882 826 2966 scripturam
840 2884 873 2948 in
888 2871 999 2963 ἄθρει.
1022 2882 1115 2961 Quod
1130 2885 1159 2949 si
1173 2904 1283 2949 verum

165 2993 167 2998 ’
199 2994 255 3071 est,
287 2987 441 3053 indioium
473 2995 523 3054 est
554 3009 680 3058 versum
714 3008 776 3054 non
809 3009 880 3054 esse
909 2989 1127 3073 Euripideum.
1170 2992 1283 3075 Neque
1407 3031 1408 3034 =

198 3105 304 3163 tamen
326 3095 409 3162 hano
430 3097 548 3164 nudam
563 3099 746 3182 opinionem
761 3117 864 3163 meam
880 3091 1041 3182 tamqudm
1063 3107 1283 3184 argumentum

198 3205 333 3292 profero.
378 3205 453 3272 Sive
475 3195 573 3287 ἄθρει
595 3207 663 3273 sive
684 3201 744 3290 ἄρα
765 3207 943 3285 scribimus,
973 3209 1100 3295 ineptus
1130 3216 1178 3275 est
1202 3211 1282 3276 1105

198 3321 294 3398 atque
315 3315 356 3380 ab
376 3314 437 3381 hoo
459 3322 607 3382 contextu
628 3317 760 3382 alienus.
805 3317 906 3383 Versu
926 3317 1052 3384 demum
1075 3320 1155 3383 1121
1177 3318 1282 3384 detra·

198 3423 247 3489 hit
268 3423 423 3491 Aloestidi
446 3426 550 3490 velum
565 3425 718 3491 Horruits
741 3432 772 3491 et
793 3425 929 3493 Admeto
951 3427 1067 3494 faeiem
1085 3427 1154 3494 eius
1169 3427 1282 3512 aperit,

198 3539 351 3616 rogatque
366 3539 401 3599 ut
421 3540 552 3619 spectet.
575 3535 691 3600 Nostro
714 3535 783 3601 loeo
806 3555 869 3601 non
890 3555 982 3603 seous
1003 3543 1102 3622 agunt
1124 3545 1155 3602 et
1175 3538 1283 3602 leonn-

198 3647 250 3707 tnr
272 3648 303 3707 et
324 3641 477 3709 Horenles
501 3651 532 3709 et
552 3643 706 3709 Admetus
728 3663 766 3710 ae
790 3644 819 3708 si
840 3643 922 3710 nihil
937 3646 992 3711 ille
1007 3646 1072 3712 tale
1094 3645 1281 3730 rogavisset.

198 3752 267 3816 Nee
289 3750 392 3816 minor
424 3749 459 3816 in
488 3751 588 3834 priori
618 3771 730 3817 versus
762 3758 853 3834 parte
886 3761 934 3820 est
965 3753 1109 3820 offensio.
1152 3753 1283 3819 Herculi

198 3879 316 3926 morem
336 3879 447 3944 gerere
469 3862 597 3927 omnino
613 3881 682 3948 ‚non
703 3863 772 3928 vult
793 3863 964 3930 Admetus:
991 3885 1012 3929 a
1031 3873 1123 3950 parte
1143 3863 1282 3948 quadam

199 3988 328 4054 preenm
366 3969 541 4053 eademqne
575 3971 716 4037 maxima
749 3972 870 4038 resedit
904 3975 972 4039 illo:
1005 3977 1113 4040 statim
1138 3973 1283 4040 versibus

199 4079 405 4160 sequentibus
424 4080 531 4146 omnio
552 4080 687 4164 largitur
706 4080 870 4148 Admetus.
909 4083 958 4148 An
981 4083 1060 4149 haee
1081 4083 1283 4169 probabilia?

199 4185 325 4288 Deinde
347 4187 563 4272 quaerendum
595 4197 644 4256 est
677 4209 758 4274 quae
784 4191 827 4290 sit
846 4191 935 4258 voois
955 4184 1058 4275 χρεών
1079 4191 1282 4276 significatio.
