2842 4870
250 1405 300 1470 De
332 1406 580 1490 interpolatione
602 1405 779 1490 Euripidea
810 1404 1045 1490 disputaturum
1077 1403 1169 1470 decet
1192 1424 1244 1469 mo

150 1512 290 1579 breviter
320 1533 482 1598 exponere
511 1533 593 1598 quae
628 1515 670 1580 sit
701 1533 753 1580 res
777 1535 872 1597 quuam
894 1521 1032 1580 traotare
1054 1533 1151 1582 ausus
1172 1533 1243 1580 snm

149 1622 329 1705 quibusque
344 1623 483 1688 maxime
495 1616 682 1689 'rationibus
704 1620 853 1688 inductus
870 1641 941 1688 eam
955 1621 1156 1688 tractandam
1171 1643 1243 1690 esse

149 1731 370 1798 iudioaverim.
922 1753 925 1759 ·

249 1839 311 1906 Tot
333 1841 494 1924 tantisque
520 1840 763 1907 difficultatibus
794 1840 985 1922 impeditum
1015 1847 1064 1907 est
1087 1840 1242 1908 iudieium

150 1948 190 2015 de
211 1950 302 2033 poesi
320 1948 503 2032 Euripiden,
526 1957 560 2016 ut
583 1951 637 2016 vix
660 1935 795 2015 alterum
823 1949 907 2016 inter
933 1950 1108 2016 nobiliores
1129 1956 1242 2033 poetas

149 2057 310 2124 inveneris
337 2058 389 2124 oui
421 2065 487 2124 tam
508 2059 593 2126 ultra
614 2059 731 2124 iustum
754 2057 881 2124 modum
904 2065 936 2124 et
957 2058 1084 2125 laudem
1106 2064 1138 2125 et
1158 2059 1243 2125 uitu-

149 2166 347 2250 perationem
373 2167 586 2252 impertierint
613 2168 759 2235 homines
784 2187 880 2252 quam
903 2168 933 2234 ei
954 2170 1045 2234 ouius
1069 2189 1134 2234 non
1156 2170 1244 2235 omni

149 2295 279 2361 numero
301 2276 464 2342 laudanda
485 2277 915 2361 estMedea‘nequeHelena
935 2276 1128 2348 damnanda.
1155 2277 1242 2344 Viris

149 2391 256 2450 autem
277 2385 381 2452 dootis
403 2385 459 2469 qui
482 2385 636 2452 iudicium
658 2387 741 2453 ferre
756 2374 945 2453 studuerunt
966 2386 1049 2452 nihil
1071 2387 1242 2470 quiequam

150 2493 255 2577 magis
277 2494 441 2560 obstitisse
463 2512 558 2576 quam
587 2495 698 2579 spuria
730 2495 959 2577 additamenta,
996 2495 1112 2577 quibus
1139 2496 1242 2563 defor-

149 2609 254 2668 matae
275 2609 349 2669 sunt
360 2603 489 2669 fabulae
503 2604 595 2670 nobis
610 2604 759 2680 traditae,
776 2624 964 2688 persuasum
986 2604 1098 2670 habeo.
1122 2605 1243 2683 Quanti

149 2711 300 2776 momenti
322 2711 539 2778 existimanda
570 2713 612 2778 sit
640 2731 717 2777 vera
740 2719 773 2778 et
793 2719 881 2778 oerta
900 2711 1066 2780 distinctio
1088 2714 1241 2798 genuino·

150 2841 219 2886 rum
239 2819 482 2904 spatiorumque
504 2819 581 2887 lieet
600 2841 664 2887 uno
685 2822 833 2905 exemplo
855 2820 1031 2904 eodemque
1054 2822 1134 2888 satis
1156 2823 1244 2888 luou·
1315 2881 1320 2889 .

148 2930 236 2994 lento
269 2928 495 2996 demonstrare.
546 2929 655 2996 Suasit
687 2949 789 3013 nuper
820 2927 965 2995 Manius¹
998 2930 1047 2995 El.
1076 2930 1242 2997 518-544

151 3048 315 3122 umquam
337 3058 400 3104 non
421 3037 615 3122 Euripidem
634 3037 799 3104 eiciendos
815 3057 903 3104 esse:
925 3038 954 3104 si
978 3045 1063 3105 totus
1085 3039 1138 3105 hio
1155 3041 1244 3106 loeus

131 3167 264 3234 ‚reapse
285 3153 399 3232 poetae
420 3146 568 3214 subditus
590 3154 648 3232 est,
676 3148 749 3230 quis
775 3168 838 3213 non
859 3147 948 3213 videt
980 3167 1123 3214 amaram
1155 3150 1244 3215 illam

150 3255 312 3340 Sohlegeli
333 3256 516 3322 irrisionem
539 3258 649 3339 aliqua
669 3275 711 3322 ex
732 3263 823 3341 parte
845 3256 984 3323 futtilem
1006 3256 1120 3323 reddi?

249 3366 391 3432 Fuerunt
412 3367 511 3432 etiam
534 3367 589 3449 qui
610 3373 765 3451 negarent
788 3365 977 3451 Euripidem
1008 3365 1140 3432 solitum
1164 3366 1245 3432 anti-

150 3493 284 3558 quorum
316 3475 507 3559 scriptorum
528 3476 629 3542 latum
652 3495 783 3560 passum
816 3494 887 3542 esse
922 3495 1085 3560 oaeeaque
1107 3475 1246 3543 admira-

151 3583 239 3649 tione
253 3584 361 3649 omnia
381 3604 463 3668 quae
484 3584 544 3650 sub
568 3585 637 3651 eius
659 3586 802 3651 feruntur
816 3585 945 3651 nomine
967 3585 1040 3670 pari
1061 3584 1170 3651 studio
1192 3605 1246 3652 ex·

151 3693 322 3776 planarent
353 3693 562 3760 defenderent
583 3693 763 3760 laudarent:
798 3693 856 3760 sed
878 3713 941 3760 non
963 3694 1029 3759 iam
1051 3695 1082 3760 ei
1104 3694 1244 3760 nobilem

150 3801 296 3869 obtinent
318 3804 399 3869 inter
420 3803 649 3888 grammaticos
679 3805 793 3870 looum.
840 3803 948 3870 Variis
970 3810 1079 3869 tamen
1101 3802 1244 3868 orimini-

150 3910 210 3975 bus
232 3911 364 3977 obnoxii
396 3920 471 3979 sunt
502 3913 558 3997 qui
588 3932 699 3979 versus
730 3913 806 3978 olim
831 3913 978 3998 Euripidi
1007 3911 1187 3994 adscriptos
1211 3912 1245 3977 in

149 4019 366 4105 suspicionem
389 4027 514 4102 vocant,
536 4022 686 4088 inscitiae
706 4021 900 4089 insulsitatis
922 4023 1113 4090 temeritatis
1135 4041 1242 4088 amon·

250 4259 265 4310 1
286 4256 389 4312 Comm.
408 4258 477 4328 phil.
496 4258 525 4313 in
543 4257 678 4314 honorem
693 4257 745 4314 Th.
763 4257 929 4313 Mommssni
946 4259 998 4312 291
1017 4274 1078 4329 sqq.
