2842 4870
665 313 699 367 bb

282 481 336 546 καὶ
357 477 441 548 τόνδ’
465 475 632 568 ἀπείργειν
654 474 722 548 ov'd’
745 479 763 548 ὁ
786 478 972 573 παγκρατὴς
992 483 1105 550 σθένει

283 584 375 670 Ζεύς,
398 583 466 656 ἀλλ’
489 592 618 658 ὑπείκει
640 593 695 658 καὶ
715 592 825 658 θέλων
847 592 1030 678 ἐγκλίνεται.

134 725 226 792 Nihil
247 733 352 812 potest
372 729 533 813 interponi
556 730 639 795 inter
663 729 724 793 455
737 729 779 794 'et
794 730 867 810 459,
889 733 974 795 certe
997 750 1060 794 non
1082 727 1117 793 id
1139 727 1225 812 quod

135 837 343 922 interpolator
365 836 429 904 sibi
451 836 623 920 indulgens
646 836 843 922 interposuit.

224 1059 283 1138 ‘De
302 1093 332 1140 v.
355 1073 530 1138 477-515.

192 1225 195 1232 ·
233 1181 284 1246 De
306 1179 366 1248 hae
387 1201 506 1248 soaena
527 1181 807 1266 praestantissima
829 1181 884 1264 qul
905 1201 1010 1247 meam
1034 1180 1227 1266 disputatio·

136 1311 209 1356 nem
230 1291 368 1357 lecturus
390 1311 436 1374 es,
458 1291 557 1356 velim
587 1291 675 1372 prius
696 1293 845 1376 perlegas
868 1311 951 1373 quae
974 1292 1104 1376 egregie
1126 1290 1226 1356 disse-

135 1399 199 1464 ruit
221 1400 270 1465 W.
293 1399 329 1464 l.
353 1401 389 1466 Ε.
413 1401 594 1466 abe-220:
629 1401 737 1467 statim
758 1400 885 1466 videbis
908 1405 1060 1482 quantum
1087 1400 1136 1464 illi
1157 1399 1227 1466 viro
1285 1419 1288 1426 ’

135 1516 302 1592 aoeeptum
323 1509 469 1592 referam,
504 1529 664 1594 quamque
697 1531 768 1578 oum
799 1530 837 1576 eo
865 1509 1011 1592 quamvis
1034 1508 1227 1575 dissentiens

136 1617 343 1684 consentiam.
387 1615 517 1683 Summo
541 1617 596 1682 ille
612 1619 759 1682 aoumine
781 1635 930 1683 scaenam
944 1635 1044 1700 prave
1066 1617 1227 1683 turbatam

134 1727 168 1793 in
183 1727 301 1793 iustam
315 1727 432 1793 seriem
447 1745 598 1793 revooare
614 1726 889 1798 ordinaversuum
904 1727 1020 1793 iterum
1045 1728 1225 1810 iterumque

135 1834 287 1902 mutando
320 1841 452 1902 eonatus
488 1843 544 1902 est.
588 1835 653 1902 Gur
683 1856 755 1903 meo
792 1831 915 1902 iudioio
946 1841 1075 1902 nostrae
1096 1836 1227 1902 fabulae

136 1947 223 2013 salus
255 1963 319 2009 nou
345 1941 406 2008 hae
428 1941 489 2008 via
505 1943 547 2009 sit
566 1941 716 2027 petenda,
746 1943 885 2008 breviter
904 1963 1073 2028 exponam.
1102 1943 1225 2032 ¹Veris-

137 2054 225 2137 sime,
246 2059 335 2138 puto,
357 2052 508 2136 opinatur
527 2052 577 2117 W.
597 2050 661 2116 ista
682 2050 864 2116 turbatione
886 2050 1048 2118 adflictam
1070 2072 1140 2118 esse
1163 2054 1225 2119 Eu-

135 2162 251 2248 ripidis
283 2161 496 2245 tragoediam·
517 2166 591 2226 ante
629 2160 734 2244 legem
764 2161 974 2245 Lyeurgeam.
1025 2161 1224 2228 Histrionum

137 2273 235 2356 igitur
257 2277 312 2336 aut
334 2276 501 2354 poetarum
531 2269 588 2352 qui
615 2268 825 2336 histrionibus
847 2289 967 2335 morem
989 2270 1142 2374 gepebant
1163 2270 1225 2337 fuit

136 2380 224 2448 istud
244 2380 383 2468 facinus:
405 2391 482 2445 nam
503 2378 570 2445 alia
590 2397 672 2461 quae
694 2379 830 2446 forsitan
845 2379 982 2464 eogitari
1002 2379 1126 2464 possint
1140 2379 1247 2445 omni‘

75 2491 78 2504 '
136 2490 363 2576 probabilitate
379 2489 524 2554 parentia
539 2487 639 2554 mitto.
661 2488 842 2554 Histriones
866 2494 982 2572 autem,
1000 2487 1086 2572 quod
1100 2488 1227 2572 seimus,

136 2621 200 2666 non
222 2598 370 2665 solebant
395 2617 556 2665 versuum.
576 2597 721 2664 ordinem
743 2604 880 2666 mutare:
914 2598 949 2664 id
978 2605 1034 2665 aut
1055 2617 1228 2681 numquam

138 2709 282 2776 feserunt
304 2714 360 2775 aut
380 2707 544 2774 rarissimo
559 2707 706 2791 exemplo
719 2708 754 2774 ⁸⁶.
790 2706 903 2790 Neque
918 2707 967 2774 fas
983 2713 1032 2773 est
1053 2728 1116 2774 uon
1131 2726 1227 2790 quae·

137 2837 208 2884 rere
235 2836 298 2899 quo
333 2816 468 2882 oonsilio
485 2869 487 2874 .
502 2836 653 2881 seaenam
674 2815 842 2882 turbarint.
886 2816 1006 2881 Versus
1039 2834 1118 2898 quos
1145 2815 1227 2882 falso

135 2927 206 2994 looo
228 2925 399 2992 histriones
422 2925 624 2992 inseruerunt
646 2931 720 2990 suut
739 2924 914 2990 maximam
935 2930 1060 3009 partem
1081 2924 1150 2990 eius
1172 2944 1226 3006 ge-

134 3036 221 3102 neris
242 3042 277 3101 ut
299 3035 349 3100 bis
371 3041 427 3100 aut
460 3034 559 3100 etiam
584 3039 633 3099 ter
658 3032 693 3098 id
716 3033 881 3100 declarent
903 3032 988 3116 quod
1009 3039 1106 3119 poeta
1127 3033 1227 3098 semel

136 3143 320 3226 declaravit,
343 3151 399 3210 aut
420 3148 455 3208 ut
476 3141 580 3210 fusius
612 3143 786 3226 explanent
819 3140 905 3224 quod
926 3148 1022 3225 poeta
1044 3149 1118 3225 apte
1132 3161 1227 3226 pres·

135 3241 238 3336 seque
254 3252 390 3318 dixerat.
432 3250 536 3317 Huius
558 3250 606 3316 rei
628 3250 776 3334 exempla
791 3250 943 3316 nonnulla
963 3249 1044 3316 satis
1066 3250 1229 3316 luculenta

135 3362 248 3429 videor
269 3361 351 3426 mihi
374 3362 408 3427 in
428 3359 595 3426 Aloestide
622 3358 793 3425 detexisse.
835 3358 876 3423 ut
904 3357 1017 3424 eadem
1041 3367 1073 3424 et
1096 3371 1227 3442 prorsus

135 3473 202 3539 alia
222 3479 271 3538 est
291 3477 399 3537 nostro
421 3471 491 3536 loeo
513 3468 797 3553 interpolationum
818 3468 909 3533 ratio.
952 3467 1035 3532 Nam
1057 3468 1172 3534 ueteris
1193 3468 1228 3534 in

135 3582 255 3648 fabulis
280 3581 336 3664 qui
358 3599 469 3647 versus
503 3578 622 3644 addere
655 3577 757 3645 voluit
784 3597 856 3644 eum
884 3578 1070 3661 plerumque
1097 3597 1227 3644 neeesse

135 3699 204 3758 erat
225 3690 293 3758 suis
315 3690 376 3756 niti
396 3688 530 3768 viribus,
549 3688 686 3771 ideoque
708 3688 812 3758 solent
833 3686 936 3771 spurii
956 3706 1067 3754 versus
1090 3686 1225 3770 originis

134 3821 214 3868 suae
236 3798 358 3865 indieia
380 3794 628 3882 praeseferre.
674 3795 739 3862 Sed
772 3797 819 3862 eis
852 3795 907 3878 qui
928 3795 1140 3880 Hippolytum
1159 3803 1227 3861 stu-

134 3909 255 3976 debant
277 3908 457 3991 augmentis
477 3905 590 3985 ditam,
613 3903 842 3990 suppeditabat
856 3905 1025 3971 thesaurus
1047 3923 1121 3970 vere
1135 3905 1227 3972 Euri-

214 4097 215 4102 '
234 4117 268 4170 as
287 4115 364 4172 unu
382 4115 412 4170 en
432 4115 484 4170 nso
504 4131 534 4172 re
557 4115 673 4171 vineunt
691 4114 795 4172 senona
814 4115 849 4173 ao
867 4115 940 4172 meu.
958 4115 1018 4172 aas.
1039 4116 1099 4172 sto.
1139 4113 1225 4188 orny-

133 4231 212 4271 mum
230 4230 336 4272 errasse
352 4229 434 4272 nemo
455 4229 511 4270 nou
530 4211 616 4270 videt.
1199 4215 1201 4222 '
