2842 4870
684 429 721 484 25

157 619 220 664 uon
242 599 331 680 potui
354 598 443 663 illum
461 601 578 666 iustam
597 600 786 667 adhibuisse
801 599 966 683 medelam,
990 601 1134 682 quamvis
1149 605 1243 666 acute

156 706 306 773 mendum
328 706 585 790 deprehenderit.
626 709 749 791 Neque,
766 713 854 791 puto,
872 703 1244 790 prudentiores'critioos

157 815 385 884 dissentientes
400 815 534 900 habebo,
544 833 616 882 cum
629 816 735 882 dicam
750 817 898 882 'omnium
919 815 1172 882 coniecturarum
1187 834 1242 879 eas

156 944 227 990 esse
254 924 461 992 difficillimas
488 947 560 992 oum
587 926 668 992 elias
695 932 762 992 tum
788 927 962 1010 praecipue
992 925 1025 989 in
1051 922 1103 989 his
1125 923 1244 1006 prioris
1313 985 1318 994 .

157 1032 279 1099 ordinis
310 1035 429 1100 fabulis
460 1034 656 1117 Euripideis,
689 1054 771 1116 quae
803 1035 946 1100 traiectis
978 1033 1125 1098 uersibus
1158 1031 1243 1098 fiant.

156 1142 276 1207 Iterum
291 1145 441 1210 cauterio
463 1163 543 1227 opus
565 1163 635 1210 esse
655 1149 742 1227 puto,
765 1149 860 1225 atque
883 1164 924 1208 ex
938 1141 989 1206 his
1009 1141 1158 1208 undecim
1175 1160 1245 1206 vcr-

157 1251 246 1317 sibus
264 1258 417 1334 ·quattuor
449 1258 571 1320 tantum
601 1254 757 1336 genuinos
790 1272 861 1320 esse
889 1251 1064 1332 habendos,
1097 1269 1177 1332 quos
1199 1250 1245 1314 ita

157 1361 343 1428 scribendos
361 1383 525 1446 propono:

289 1488 353 1554 ΘΕ.
383 1485 475 1564 ἐλπὶς
495 1486 553 1570 μὲν
573 1478 676 1552 οὐκέτ’
700 1485 768 1552 ἐστὶ
789 1479 963 1552 σώσασθαι
984 1485 1065 1567 βίον,
1182 1485 1244 1550 146

382 1593 581 1680 πεπρωμένη
602 1589 661 1677 γὰρ
684 1589 786 1677 ἡμέρα
808 1589 961 1676 βιάζεται.

291 1705 362 1768 ΧΟ.
383 1696 466 1769 ἴστω
491 1728 546 1767 ναν
567 1695 700 1788 εὐκλεής
720 1727 755 1788 ys
776 1702 1021 1788 κατθανοαμένη
1185 1702 1245 1766 150
1266 1776 1271 1786 ,

382 1805 457 1900 γυνή
478 1813 506 1875 τ’
527 1804 643 1896 οἷρίστη
665 1813 731 1876 τῶν
750 1807 805 1898 ὑφ’
830 1807 911 1898 ἡλίῳ
932 1813 1054 1898 μακρῷ.

256 1951 291 2018 Si
313 1961 500 2036 argumenta
517 1974 595 2020 sane
616 1954 732 2035 valida,
756 1963 790 2020 ut
811 1976 870 2039 par
895 1974 966 2020 esse
986 1953 1144 2036 confiteor,
1160 1972 1242 2036 quae
1328 1951 1332 1964 '

157 2059 218 2126 hoc
249 2081 354 2126 meum
387 2060 541 2128 iudicium
574 2063 787 2146 comprobent,
819 2083 839 2128 a
873 2083 923 2130 me
952 2063 1068 2146 poscis,
1090 2062 1244 2128 nonnulla

158 2168 260 2236 habeo
291 2190 374 2253 quae
404 2170 463 2236 tibi
497 2172 576 2237 satis
608 2172 675 2237 fore
707 2171 802 2238 valde
835 2192 940 2258 spero.
982 2172 1086 2254 Atque
1107 2171 1244 2256 primum

157 2298 277 2361 quaero
298 2268 382 2361 quid
400 2279 462 2345 sibi
484 2280 562 2346 velit
583 2281 670 2348 istud
692 2279 751 2363 μέν
773 2283 843 2348 146.
898 2283 936 2348 In
956 2281 1017 2348 hac
1038 2281 1126 2347 chori
1147 2281 1243 2346 inter-

158 2387 322 2471 rogatione
354 2387 553 2453 tolerabilem
585 2408 655 2456 esse
687 2409 757 2456 eam
791 2390 937 2456 voculam
971 2388 1242 2456 confidentissime

158 2517 258 2580 nego:
290 2495 442 2562 indicium
475 2504 524 2562 est
557 2498 635 2564 satis
665 2497 859 2566 luculentum
889 2499 1042 2564 famulam
1069 2497 1129 2564 hoc
1150 2516 1244 2563 versu

157 2604 372 2690 respondendi
394 2605 437 2670 ad
451 2605 733 2689 interrogationem
749 2605 838 2672 chori
860 2606 987 2674 initium
1001 2607 1126 2689 fecisse,
1148 2613 1243 2689 atque

157 2713 357 2796 aptissimum
381 2720 430 2779 est
450 2733 647 2797 responsum.
690 2714 883 2798 Euripideas
906 2735 975 2781 esse
1002 2716 1145 2800 argutias

253 2840 315 2903 ΘΕ.
346 2836 399 2904 καὶ
421 2837 526 2920 ζῶσαν
548 2834 654 2904 εἰπεῖν
675 2838 729 2902 καὶ
749 2839 916 2904 θανοῦσαν
938 2835 1008 2905 ibat
1031 2861 1093 2906 σοι.
1186 2827 1249 2904 141Ι

254 2948 326 3012 XO.
347 2945 401 3011 καὶ
422 2947 496 3025 πῶς
514 2941 554 3012 ib
574 2942 676 3025 αὐτὸς
696 2941 856 3013 caisinos
877 2971 912 3012 te
934 2947 988 3012 καὶ
1007 2947 1140 3028 βλέποις

158 3095 256 3161 facile
277 3095 411 3177 iudices,
434 3098 492 3163 sed
513 3117 571 3164 nos
592 3104 715 3181 oportet
736 3098 832 3182 paulo
848 3096 1033 3182 diligentius
1055 3097 1089 3163 in
1110 3117 1177 3163 rem
1198 3097 1244 3162 in-

159 3204 294 3286 quirere.
333 3193 378 3269 'In
400 3205 557 3271 eiusmodi
578 3206 710 3288 lusibus,
733 3207 767 3271 ni
788 3206 891 3282 fallor,
914 3206 1017 3290 magis
1040 3212 1131 3271 erant
1151 3205 1245 3270 Euri-

159 3313 248 3396 pidei
268 3333 363 3396 quarn
385 3314 455 3398 ipse
470 3315 642 3398 Euripides
662 3314 848 3398 posterioris
871 3316 987 3380 aetatis
1000 3312 1126 3393 Graeci,
1142 3333 1245 3398 neque

158 3441 222 3486 non
243 3419 368 3488 theatro
389 3428 514 3506 gratum
534 3443 569 3489 sc
591 3443 705 3507 parare
720 3423 843 3490 sciebat
862 3422 917 3506 qui
932 3409 1246 3507 Euripidi'studebat

158 3529 315 3596 eiusmodi
337 3531 449 3614 spuria
470 3529 615 3598 subdere.
650 3529 903 3596 Commentorum
924 3551 1052 3597 suorum
1076 3531 1245 3597 materiam

159 3637 331 3705 admodum
340 3639 437 3705 facile
446 3638 568 3704 invenit
580 3639 796 3723 interpolator.
818 3640 954 3706 Nostrae
965 3639 1094 3706 fabulae
1104 3641 1245 3706 uers-

158 3749 217 3812 521
246 3745 288 3812 ad
312 3747 450 3814 similem
476 3748 622 3814 Herculis
654 3747 694 3813 de
716 3745 876 3814 Alcestide
898 3748 1181 3832 interrogationem
1202 3749 1244 3814 si-

158 3857 234 3922 mile
257 3857 312 3922 dat
334 3871 522 3942 responsum
535 3856 699 3924 Admetus.
736 3857 801 3923 Sed
816 3857 920 3941 ipsum
933 3856 1122 3941 Euripidem
1136 3862 1244 3924 nostro
1331 3902 1335 3908 -

157 3965 227 4032 loco
249 3964 384 4032 eundem
405 3964 592 4032 adhibuisse
613 3965 779 4032 verborum
799 3966 903 4032 lusum
917 3985 1011 4048 quern
1029 3965 1076 4031 ibi
1098 3964 1245 4032 adhibuit

159 4073 239 4138 milri
261 4079 309 4140 est
330 4074 424 4142 valde
446 4074 644 4157 incredibile,
675 4093 749 4140 nam
781 4073 837 4140 illo
870 4074 939 4140 loco
971 4075 1101 4140 maximi
1132 4080 1180 4140 est
1202 4073 1245 4138 ad

64 4267 67 4274 ι
160 4188 259 4248 lotam
281 4183 409 4251 fabulae
430 4184 647 4252 oeconomiam
668 4185 820 4250 momenti
846 4182 1045 4249 mendacium
1074 4183 1160 4265 quod
1180 4181 1245 4248 Ad·

159 4297 245 4360 meto
264 4292 376 4360 tribuit
396 4300 500 4377 poeta,
533 4313 636 4391 neque
668 4293 715 4358 ita
746 4293 841 4359 stulte
872 4292 976 4376 potuit
1004 4291 1059 4358 illc
1091 4310 1187 4376 agere
1210 4299 1244 4356 ut
